Trd, 000001.500, 203
Trd, 000008.363, 223
Trd, 000009.487, 222
Trd, 000012.762, 219
Trd, 000012.775, 219
Trd, 000015.812, 225
Trd, 000018.037, 219
Trd, 000019.600, 226
Trd, 000020.125, 228
Trd, 000020.862, 228
Trd, 000021.462, 231
Trd, 000022.650, 233
Trd, 000022.900, 236
Trd, 000025.400, 236
Trd, 000026.412, 234
Trd, 000030.137, 236
Trd, 000030.400, 236
Trd, 000031.212, 237
Trd, 000032.362, 239
Trd, 000032.825, 242
Trd, 000034.400, 241
Trd, 000036.375, 244
Trd, 000037.125, 253
Trd, 000037.450, 254
Trd, 000038.100, 254
Trd, 000038.825, 254
Trd, 000042.588, 260
Trd, 000042.800, 260
Trd, 000043.150, 260
Trd, 000043.888, 261
Trd, 000045.175, 262
Trd, 000046.475, 263
Trd, 000047.400, 265
Trd, 000047.525, 266
Trd, 000047.675, 268
Trd, 000048.688, 269
Trd, 000050.425, 271
Trd, 000050.588, 271
Trd, 000050.975, 272
Trd, 000051.263, 272
Trd, 000052.025, 273
Trd, 000052.888, 275
Trd, 000053.350, 279
Trd, 000053.513, 279
Trd, 000053.638, 283
Trd, 000054.513, 284
Trd, 000055.475, 285
Trd, 000057.000, 286
Trd, 000059.725, 301
Trd, 000060.563, 306
Trd, 000061.675, 308
Trd, 000064.575, 312
Trd, 000065.488, 306
Trd, 000067.300, 319
Trd, 000067.988, 317
Trd, 000068.125, 323
Trd, 000069.275, 326
Trd, 000069.950, 327
Trd, 000072.025, 328
Trd, 000073.700, 331
Trd, 000074.325, 332
Trd, 000074.575, 330
Trd, 000075.400, 329
Trd, 000076.025, 333
Trd, 000076.425, 335
Trd, 000076.463, 336
Trd, 000076.500, 337
Trd, 000077.038, 327
Trd, 000078.188, 342
Trd, 000078.963, 347
Trd, 000079.325, 349
Trd, 000080.163, 351
Trd, 000081.150, 353
Trd, 000084.000, 354
Trd, 000085.025, 362
Trd, 000085.250, 374
Trd, 000085.725, 381
Trd, 000089.213, 366
Trd, 000092.675, 387
Trd, 000092.950, 390
Trd, 000094.838, 388
Trd, 000094.913, 391
Trd, 000095.613, 392
Trd, 000095.663, 390
Trd, 000096.425, 394
Trd, 000096.975, 401
Trd, 000098.838, 411
Trd, 000099.150, 418
Trd, 000100.538, 418
Trd, 000101.088, 423
Trd, 000102.413, 409
Trd, 000105.175, 424
Trd, 000105.300, 427
Trd, 000106.263, 430
Trd, 000107.125, 432
Trd, 000108.500, 437
Trd, 000109.600, 438
Trd, 000109.938, 435
Trd, 000110.438, 441
Trd, 000113.000, 441
Trd, 000113.138, 444
Trd, 000113.950, 444
Trd, 000114.125, 445
Trd, 000114.963, 447
Trd, 000116.388, 448
Trd, 000116.925, 449
Trd, 000117.425, 453
Trd, 000117.650, 455
Trd, 000119.113, 455
Trd, 000119.313, 461
Trd, 000119.675, 452
Trd, 000120.088, 464
Trd, 000120.538, 492
Trd, 000123.763, 504
Trd, 000125.088, 511
Trd, 000128.038, 488
Trd, 000128.375, 487
Trd, 000129.350, 518
Trd, 000130.925, 517
Trd, 000131.000, 532
Trd, 000133.425, 535
Trd, 000134.275, 580
Trd, 000137.100, 586
Trd, 000137.213, 592
Trd, 000137.888, 597
Trd, 000137.975, 587
Trd, 000138.175, 587
Trd, 000139.475, 598
Trd, 000140.363, 600
Trd, 000141.375, 601
Trd, 000142.088, 601
Trd, 000142.288, 602
Trd, 000143.700, 606
Trd, 000144.300, 610
Trd, 000144.325, 611
Trd, 000144.950, 613
Trd, 000145.375, 617
Trd, 000146.163, 625
Trd, 000146.225, 625
Trd, 000147.425, 627
Trd, 000150.475, 630
Trd, 000150.500, 628
Trd, 000151.762, 637
Trd, 000151.862, 637
Trd, 000152.412, 642
Trd, 000152.637, 646
Trd, 000153.887, 647
Trd, 000154.800, 651
Trd, 000157.575, 672
Trd, 000158.150, 694
Trd, 000158.562, 697
Trd, 000160.150, 708
Trd, 000160.437, 708
Trd, 000162.862, 715
Trd, 000163.550, 718
Trd, 000163.600, 721
Trd, 000163.862, 725
Trd, 000164.137, 717
Trd, 000164.350, 716
Trd, 000165.412, 726
Trd, 000167.412, 746
Trd, 000168.762, 723
Trd, 000169.337, 752
Trd, 000170.612, 763
Trd, 000171.225, 733
Trd, 000172.262, 763
Trd, 000172.825, 782
Trd, 000173.362, 778
Trd, 000174.662, 793
Trd, 000177.900, 794
Trd, 000178.137, 806
Trd, 000179.262, 810
Trd, 000180.700, 861
Trd, 000181.412, 844
Trd, 000182.587, 866
Trd, 000183.462, 867
Trd, 000183.725, 868
Trd, 000183.862, 873
Trd, 000184.937, 875
Trd, 000185.437, 876
Trd, 000190.262, 884
Trd, 000190.950, 884
Trd, 000192.150, 894
Trd, 000192.937, 903
Trd, 000193.950, 922
Trd, 000194.887, 931
Trd, 000196.537, 942
Trd, 000199.637, 965
Trd, 000199.837, 990
Trd, 000201.287, 1000
Trd, 000204.362, 1000
Trd, 000204.412, 1000
Trd, 000204.737, 1000
Trd, 000204.912, 1000
Trd, 000204.987, 1000
Trd, 000205.537, 1000
Trd, 000205.612, 1000
Trd, 000205.962, 1000
Trd, 000207.025, 1000
Trd, 000207.087, 1000
Trd, 000208.600, 1000
Trd, 000211.587, 1000
Trd, 000211.800, 1000
Trd, 000213.887, 1000
Trd, 000215.712, 1000
Trd, 000217.400, 1000
Trd, 000217.412, 1000
Trd, 000220.187, 1000
Trd, 000222.487, 1000
Trd, 000225.050, 1000
Trd, 000225.837, 1000
Trd, 000227.312, 1000
Trd, 000228.775, 1000
Trd, 000232.537, 1000
Trd, 000233.275, 1000
Trd, 000233.512, 1000
Trd, 000235.737, 1000
Trd, 000237.212, 1000
Trd, 000238.987, 1000
Trd, 000240.262, 1000
Trd, 000241.175, 1000
Trd, 000241.437, 1000
Trd, 000245.087, 1000
Trd, 000246.687, 1000
Trd, 000247.125, 1000
Trd, 000248.037, 1000
Trd, 000248.687, 1000
Trd, 000248.900, 1000
Trd, 000248.962, 1000
Trd, 000248.987, 1000
Trd, 000249.725, 1000
Trd, 000250.562, 1000
Trd, 000251.100, 1000
Trd, 000255.212, 1000
Trd, 000256.375, 1000
Trd, 000258.287, 1000
Trd, 000259.612, 1000
Trd, 000260.900, 1000
Trd, 000262.212, 1000
Trd, 000265.075, 1000
Trd, 000267.075, 1000
Trd, 000269.325, 1000
Trd, 000270.362, 1000
Trd, 000275.637, 1000
Trd, 000275.900, 1000
Trd, 000276.062, 1000
Trd, 000277.425, 1000
Trd, 000278.012, 1000
Trd, 000278.037, 1000
Trd, 000279.050, 1000
Trd, 000280.637, 1000
Trd, 000281.950, 1000
Trd, 000284.312, 1000
Trd, 000287.462, 1000
Trd, 000289.350, 1000
Trd, 000292.125, 1000
Trd, 000294.962, 1000
Trd, 000295.912, 1000
Trd, 000297.737, 1000
Trd, 000298.425, 1000
Trd, 000298.762, 1000
Trd, 000298.937, 1000
Trd, 000301.912, 1000
Trd, 000303.925, 1000
Trd, 000304.862, 1000
Trd, 000306.037, 1000
Trd, 000309.625, 1000
Trd, 000309.800, 1000
Trd, 000310.437, 1000
Trd, 000312.800, 1000
Trd, 000313.000, 1000
Trd, 000314.262, 1000
Trd, 000315.887, 1000
Trd, 000317.537, 1000
Trd, 000317.850, 1000
Trd, 000319.500, 1000
Trd, 000320.037, 1000
Trd, 000323.400, 1000
Trd, 000327.050, 1000
Trd, 000327.675, 1000
Trd, 000328.512, 1000
Trd, 000334.125, 1000
Trd, 000334.312, 1000
Trd, 000334.637, 1000
Trd, 000336.462, 1000
Trd, 000336.762, 1000
Trd, 000339.337, 1000
Trd, 000339.350, 1000
Trd, 000341.800, 1000
Trd, 000341.837, 1000
Trd, 000344.262, 1000
Trd, 000345.875, 1000
Trd, 000346.662, 1000
Trd, 000349.362, 1000
Trd, 000349.475, 1000
Trd, 000350.775, 1000
Trd, 000352.050, 1000
Trd, 000354.500, 1000
Trd, 000354.825, 1000
Trd, 000356.787, 1000
Trd, 000359.387, 1000
Trd, 000360.550, 1000
Trd, 000361.137, 1000
Trd, 000362.200, 1000
Trd, 000363.412, 1000
Trd, 000364.075, 1000
Trd, 000366.287, 1000
Trd, 000367.250, 1000
Trd, 000367.350, 1000
Trd, 000368.437, 1000
Trd, 000368.537, 1000
Trd, 000370.150, 1000
Trd, 000371.725, 1000
Trd, 000376.487, 1000
Trd, 000377.900, 1000
Trd, 000378.762, 1000
Trd, 000378.962, 1000
Trd, 000379.350, 1000
Trd, 000381.387, 1000
Trd, 000383.575, 1000
Trd, 000388.200, 1000
Trd, 000389.925, 1000
Trd, 000392.212, 1000
Trd, 000392.362, 1000
Trd, 000393.275, 1000
Trd, 000393.700, 1000
Trd, 000396.637, 1000
Trd, 000398.387, 1000
Trd, 000398.637, 1000
Trd, 000399.225, 1000
Trd, 000400.062, 1000
Trd, 000403.150, 1000
Trd, 000403.800, 1000
Trd, 000403.937, 1000
Trd, 000404.937, 1000
Trd, 000406.325, 1000
Trd, 000406.850, 1000
Trd, 000407.312, 1000
Trd, 000407.537, 1000
Trd, 000409.925, 1000
Trd, 000410.250, 1000
Trd, 000413.350, 1000
Trd, 000415.650, 1000
Trd, 000424.850, 1000
Trd, 000425.537, 1000
Trd, 000427.250, 1000
Trd, 000430.500, 1000
Trd, 000430.850, 1000
Trd, 000431.525, 1000
Trd, 000431.987, 1000
Trd, 000432.712, 1000
Trd, 000432.900, 1000
Trd, 000433.800, 1000
Trd, 000435.712, 1000
Trd, 000439.387, 1000
Trd, 000440.375, 1000
Trd, 000443.650, 1000
Trd, 000444.012, 1000
Trd, 000444.087, 1000
Trd, 000446.050, 1000
Trd, 000446.150, 1000
Trd, 000449.662, 1000
Trd, 000449.750, 1000
Trd, 000450.750, 1000
Trd, 000453.625, 1000
Trd, 000454.262, 1000
Trd, 000456.325, 1000
Trd, 000456.612, 1000
Trd, 000457.212, 1000
Trd, 000458.700, 1000
Trd, 000458.850, 1000
Trd, 000460.450, 1000
Trd, 000465.750, 1000
Trd, 000466.537, 1000
Trd, 000466.862, 1000
Trd, 000467.125, 1000
Trd, 000467.375, 1000
Trd, 000468.387, 1000
Trd, 000470.487, 1000
Trd, 000471.325, 1000
Trd, 000472.662, 1000
Trd, 000473.300, 1000
Trd, 000475.350, 1000
Trd, 000479.312, 1000
Trd, 000483.675, 1000
Trd, 000485.925, 1000
Trd, 000486.987, 1000
Trd, 000487.212, 1000
Trd, 000487.325, 1000
Trd, 000489.462, 1000
Trd, 000489.762, 1000
Trd, 000494.175, 1000
Trd, 000494.437, 1000
Trd, 000494.737, 1000
Trd, 000495.362, 1000
Trd, 000496.162, 1000
Trd, 000499.000, 1000
Trd, 000501.950, 1000
Trd, 000503.075, 1000
Trd, 000503.162, 1000
Trd, 000504.537, 1000
Trd, 000506.537, 1000
Trd, 000507.400, 1000
Trd, 000508.150, 1000
Trd, 000511.487, 1000
Trd, 000512.262, 1000
Trd, 000512.275, 1000
Trd, 000512.387, 1000
Trd, 000512.412, 1000
Trd, 000513.162, 1000
Trd, 000514.275, 1000
Trd, 000516.862, 1000
Trd, 000518.362, 1000
Trd, 000520.275, 1000
Trd, 000521.675, 1000
Trd, 000526.637, 1000
Trd, 000528.187, 1000
Trd, 000528.325, 1000
Trd, 000530.525, 1000
Trd, 000531.762, 1000
Trd, 000533.012, 1000
Trd, 000533.212, 1000
Trd, 000537.287, 1000
Trd, 000539.212, 1000
Trd, 000540.625, 1000
Trd, 000542.687, 1000
Trd, 000543.112, 1000
Trd, 000544.337, 1000
Trd, 000544.762, 1000
Trd, 000546.550, 1000
Trd, 000553.225, 1000
Trd, 000553.237, 1000
Trd, 000554.250, 1000
Trd, 000555.337, 1000
Trd, 000558.937, 1000
Trd, 000559.762, 1000
Trd, 000561.025, 1000
Trd, 000561.225, 1000
Trd, 000563.275, 1000
Trd, 000564.087, 1000
Trd, 000564.787, 1000
Trd, 000565.650, 1000
Trd, 000566.850, 1000
Trd, 000567.212, 1000
Trd, 000567.462, 1000
Trd, 000570.200, 1000
Trd, 000570.650, 1000
Trd, 000575.987, 1000
Trd, 000578.662, 1000
Trd, 000580.687, 1000
Trd, 000584.325, 1000
Trd, 000584.525, 1000
Trd, 000585.762, 1000
Trd, 000587.600, 1000
Trd, 000587.937, 1000
Trd, 000588.200, 1000
Trd, 000589.325, 1000
Trd, 000589.412, 1000
Trd, 000590.350, 1000
Trd, 000591.012, 1000
Trd, 000592.950, 1000
Trd, 000593.175, 1000
Trd, 000595.662, 1000
Trd, 000597.162, 1000
Trd, 000597.387, 1000
Trd, 000599.300, 1000
Trd, 000601.362, 1000
Trd, 000602.425, 1000
Trd, 000602.588, 1000
Trd, 000602.975, 1000
Trd, 000605.413, 1000
Trd, 000607.975, 1000
Trd, 000608.738, 1000
Trd, 000610.038, 1000
Trd, 000611.675, 1000
Trd, 000617.763, 1000
Trd, 000618.538, 1000
Trd, 000618.950, 1000
Trd, 000619.838, 1000
Trd, 000622.438, 1000
Trd, 000623.000, 1000
Trd, 000623.263, 1000
Trd, 000623.775, 1000
Trd, 000624.475, 1000
Trd, 000625.075, 1000
Trd, 000629.263, 1000
Trd, 000631.825, 1000
Trd, 000632.500, 1000
Trd, 000633.525, 1000
Trd, 000636.213, 1000
Trd, 000637.613, 1000
Trd, 000637.863, 1000
Trd, 000638.263, 1000
Trd, 000639.550, 1000
Trd, 000644.088, 1000
Trd, 000644.488, 1000
Trd, 000645.800, 1000
Trd, 000646.563, 1000
Trd, 000646.625, 1000
Trd, 000646.963, 1000
Trd, 000647.438, 1000
Trd, 000649.025, 1000
Trd, 000649.313, 1000
Trd, 000652.150, 1000
Trd, 000657.125, 1000
Trd, 000658.775, 1000
Trd, 000659.400, 1000
Trd, 000663.075, 1000
Trd, 000664.088, 1000
Trd, 000664.388, 1000
Trd, 000664.650, 1000
Trd, 000670.350, 1000
Trd, 000672.025, 1000
Trd, 000672.588, 1000
Trd, 000673.025, 1000
Trd, 000674.288, 1000
Trd, 000674.600, 1000
Trd, 000677.363, 1000
Trd, 000677.888, 1000
Trd, 000680.275, 1000
Trd, 000680.850, 1000
Trd, 000681.400, 1000
Trd, 000682.225, 1000
Trd, 000684.650, 1000
Trd, 000688.075, 1000
Trd, 000689.363, 1000
Trd, 000690.538, 1000
Trd, 000691.263, 1000
Trd, 000691.963, 1000
Trd, 000694.238, 1000
Trd, 000694.250, 1000
Trd, 000694.538, 1000
Trd, 000694.713, 1000
Trd, 000697.625, 1000
Trd, 000698.738, 1000
Trd, 000708.675, 1000
Trd, 000709.000, 1000
Trd, 000709.238, 1000
Trd, 000710.163, 1000
Trd, 000710.288, 1000
Trd, 000711.500, 1000
Trd, 000712.025, 1000
Trd, 000712.463, 1000
Trd, 000714.863, 1000
Trd, 000715.438, 1000
Trd, 000719.975, 1000
Trd, 000720.438, 1000
Trd, 000720.500, 1000
Trd, 000722.950, 1000
Trd, 000724.450, 1000
Trd, 000725.025, 1000
Trd, 000725.925, 1000
Trd, 000726.150, 1000
Trd, 000728.175, 1000
Trd, 000729.388, 1000
Trd, 000731.200, 1000
Trd, 000731.363, 1000
Trd, 000732.613, 1000
Trd, 000732.738, 1000
Trd, 000733.388, 1000
Trd, 000736.275, 1000
Trd, 000738.350, 1000
Trd, 000740.063, 1000
Trd, 000743.288, 1000
Trd, 000744.438, 1000
Trd, 000746.513, 1000
Trd, 000748.563, 1000
Trd, 000748.900, 1000
Trd, 000752.813, 1000
Trd, 000755.000, 1000
Trd, 000756.525, 1000
Trd, 000757.663, 1000
Trd, 000757.975, 1000
Trd, 000758.313, 1000
Trd, 000760.363, 1000
Trd, 000762.913, 1000
Trd, 000764.613, 1000
Trd, 000765.413, 1000
Trd, 000767.900, 1000
Trd, 000770.350, 1000
Trd, 000771.025, 1000
Trd, 000771.588, 1000
Trd, 000777.338, 1000
Trd, 000778.313, 1000
Trd, 000778.350, 1000
Trd, 000778.663, 1000
Trd, 000779.450, 1000
Trd, 000781.425, 1000
Trd, 000782.275, 1000
Trd, 000782.763, 1000
Trd, 000782.900, 1000
Trd, 000784.663, 1000
Trd, 000785.063, 1000
Trd, 000787.200, 1000
Trd, 000789.225, 1000
Trd, 000789.425, 1000
Trd, 000791.363, 1000
Trd, 000796.175, 1000
Trd, 000796.525, 1000
Trd, 000798.038, 1000
Trd, 000798.488, 1000
Trd, 000799.850, 1000
Trd, 000801.825, 1000
Trd, 000802.488, 1000
Trd, 000802.738, 1000
Trd, 000802.775, 1000
Trd, 000803.938, 1000
Trd, 000805.888, 1000
Trd, 000811.300, 1000
Trd, 000814.863, 1000
Trd, 000815.238, 1000
Trd, 000818.400, 1000
Trd, 000819.588, 1000
Trd, 000819.913, 1000
Trd, 000820.063, 1000
Trd, 000822.350, 1000
Trd, 000824.438, 1000
Trd, 000825.000, 1000
Trd, 000825.788, 1000
Trd, 000827.613, 1000
Trd, 000828.950, 1000
Trd, 000831.125, 1000
Trd, 000832.163, 1000
Trd, 000832.513, 1000
Trd, 000835.788, 1000
Trd, 000837.063, 1000
Trd, 000838.100, 1000
Trd, 000840.538, 1000
Trd, 000842.113, 1000
Trd, 000845.100, 1000
Trd, 000847.388, 1000
Trd, 000848.650, 1000
Trd, 000849.863, 1000
Trd, 000850.350, 1000
Trd, 000854.938, 1000
Trd, 000856.963, 1000
Trd, 000857.275, 1000
Trd, 000858.438, 1000
Trd, 000859.850, 1000
Trd, 000859.900, 1000
Trd, 000859.938, 1000
Trd, 000864.288, 1000
Trd, 000864.475, 1000
Trd, 000865.025, 1000
Trd, 000865.588, 1000
Trd, 000866.800, 1000
Trd, 000868.338, 1000
Trd, 000868.450, 1000
Trd, 000869.763, 1000
Trd, 000871.338, 1000
Trd, 000872.413, 1000
Trd, 000874.013, 1000
Trd, 000875.950, 1000
Trd, 000880.588, 1000
Trd, 000880.613, 1000
Trd, 000880.638, 1000
Trd, 000881.513, 1000
Trd, 000881.600, 1000
Trd, 000883.463, 1000
Trd, 000885.713, 1000
Trd, 000886.350, 1000
Trd, 000886.838, 1000
Trd, 000887.038, 1000
Trd, 000887.238, 1000
Trd, 000890.213, 1000
Trd, 000890.900, 1000
Trd, 000893.050, 1000
Trd, 000897.425, 1000
Trd, 000901.475, 1000
Trd, 000902.338, 1000
Trd, 000904.263, 1000
Trd, 000905.250, 1000
Trd, 000906.425, 1000
Trd, 000907.075, 1000
Trd, 000908.638, 1000
Trd, 000908.913, 1000
Trd, 000911.463, 1000
Trd, 000912.625, 1000
Trd, 000913.238, 1000
Trd, 000913.525, 1000
Trd, 000914.475, 1000
Trd, 000917.888, 1000
Trd, 000921.738, 1000
Trd, 000923.250, 1000
Trd, 000926.075, 1000
Trd, 000926.788, 1000
Trd, 000928.538, 1000
Trd, 000930.300, 1000
Trd, 000930.563, 1000
Trd, 000933.400, 1000
Trd, 000935.263, 1000
Trd, 000936.013, 1000
Trd, 000937.525, 1000
Trd, 000937.675, 1000
Trd, 000940.488, 1000
Trd, 000941.688, 1000
Trd, 000942.500, 1000
Trd, 000943.000, 1000
Trd, 000946.963, 1000
Trd, 000947.738, 1000
Trd, 000947.863, 1000
Trd, 000948.638, 1000
Trd, 000948.688, 1000
Trd, 000950.338, 1000
Trd, 000951.338, 1000
Trd, 000952.825, 1000
Trd, 000955.725, 1000
Trd, 000959.250, 1000
Trd, 000960.738, 1000
Trd, 000960.875, 1000
Trd, 000961.838, 1000
Trd, 000966.875, 1000
Trd, 000968.113, 1000
Trd, 000969.025, 1000
Trd, 000969.063, 1000
Trd, 000970.000, 1000
Trd, 000971.525, 1000
Trd, 000972.938, 1000
Trd, 000974.925, 1000
Trd, 000975.563, 1000
Trd, 000976.125, 1000
Trd, 000978.638, 1000
Trd, 000979.713, 1000
Trd, 000980.288, 1000
Trd, 000980.475, 1000
Trd, 000983.763, 1000
Trd, 000984.563, 1000
Trd, 000985.550, 1000
Trd, 000986.375, 1000
Trd, 000991.275, 1000
Trd, 000993.225, 1000
Trd, 000993.350, 1000
Trd, 000994.300, 1000
Trd, 000995.650, 1000
Trd, 000997.175, 1000
Trd, 000997.750, 1000
Trd, 000998.488, 1000
Trd, 001002.238, 1000
Trd, 001006.013, 1000
Trd, 001006.413, 1000
Trd, 001007.688, 1000
Trd, 001012.500, 1000
Trd, 001014.450, 1000
Trd, 001015.338, 1000
Trd, 001015.750, 1000
Trd, 001015.888, 1000
Trd, 001016.250, 1000
Trd, 001017.363, 1000
Trd, 001019.075, 1000
Trd, 001020.825, 1000
Trd, 001021.913, 1000
Trd, 001023.975, 1000
Trd, 001029.313, 1000
Trd, 001031.700, 1000
Trd, 001032.350, 1000
Trd, 001034.800, 1000
Trd, 001035.888, 1000
Trd, 001038.888, 1000
Trd, 001040.850, 1000
Trd, 001042.463, 1000
Trd, 001042.538, 1000
Trd, 001043.963, 1000
Trd, 001044.675, 1000
Trd, 001045.450, 1000
Trd, 001047.575, 1000
Trd, 001048.800, 1000
Trd, 001049.888, 1000
Trd, 001050.538, 1000
Trd, 001050.963, 1000
Trd, 001051.500, 1000
Trd, 001056.888, 1000
Trd, 001057.675, 1000
Trd, 001058.613, 1000
Trd, 001059.438, 1000
Trd, 001060.375, 1000
Trd, 001061.150, 1000
Trd, 001062.813, 1000
Trd, 001063.463, 1000
Trd, 001064.075, 1000
Trd, 001066.850, 1000
Trd, 001069.775, 1000
Trd, 001070.950, 1000
Trd, 001070.975, 1000
Trd, 001071.675, 1000
Trd, 001074.175, 1000
Trd, 001074.613, 1000
Trd, 001075.875, 1000
Trd, 001075.888, 1000
Trd, 001079.188, 1000
Trd, 001080.038, 1000
Trd, 001081.825, 1000
Trd, 001082.713, 1000
Trd, 001085.025, 1000
Trd, 001086.625, 1000
Trd, 001088.900, 1000
Trd, 001090.413, 1000
Trd, 001091.313, 1000
Trd, 001095.288, 1000
Trd, 001095.375, 1000
Trd, 001096.600, 1000
Trd, 001097.063, 1000
Trd, 001097.850, 1000
Trd, 001098.288, 1000
Trd, 001099.663, 1000
Trd, 001103.288, 1000
Trd, 001103.338, 1000
Trd, 001107.150, 1000
Trd, 001107.800, 1000
Trd, 001108.063, 1000
Trd, 001109.813, 1000
Trd, 001110.925, 1000
Trd, 001111.025, 1000
Trd, 001111.613, 1000
Trd, 001113.250, 1000
Trd, 001113.825, 1000
Trd, 001115.275, 1000
Trd, 001115.338, 1000
Trd, 001115.725, 1000
Trd, 001118.988, 1000
Trd, 001120.013, 1000
Trd, 001121.138, 1000
Trd, 001121.388, 1000
Trd, 001121.488, 1000
Trd, 001122.238, 1000
Trd, 001123.050, 1000
Trd, 001125.988, 1000
Trd, 001128.463, 1000
Trd, 001130.075, 1000
Trd, 001130.838, 1000
Trd, 001130.938, 1000
Trd, 001134.650, 1000
Trd, 001137.050, 1000
Trd, 001140.500, 1000
Trd, 001142.075, 1000
Trd, 001142.863, 1000
Trd, 001144.550, 1000
Trd, 001150.450, 1000
Trd, 001154.825, 1000
Trd, 001156.913, 1000
Trd, 001161.025, 1000
Trd, 001161.225, 1000
Trd, 001162.225, 1000
Trd, 001162.438, 1000
Trd, 001162.863, 1000
Trd, 001163.650, 1000
Trd, 001164.000, 1000
Trd, 001167.225, 1000
Trd, 001167.800, 1000
Trd, 001168.888, 1000
Trd, 001169.663, 1000
Trd, 001171.900, 1000
Trd, 001172.163, 1000
Trd, 001173.413, 1000
Trd, 001174.575, 1000
Trd, 001175.113, 1000
Trd, 001176.250, 1000
Trd, 001178.063, 1000
Trd, 001179.463, 1000
Trd, 001181.650, 1000
Trd, 001183.025, 1000
Trd, 001183.325, 1000
Trd, 001184.075, 1000
Trd, 001186.350, 1000
Trd, 001187.713, 1000
Trd, 001189.150, 1000
Trd, 001190.200, 1000
Trd, 001191.913, 1000
Trd, 001192.488, 1000
Trd, 001195.538, 1000
Trd, 001197.063, 1000
Trd, 001199.113, 1000
Trd, 001199.388, 1000
Trd, 001201.275, 1000
Trd, 001203.763, 1000
Trd, 001204.588, 1000
Trd, 001205.875, 1000
Trd, 001206.300, 1000
Trd, 001208.900, 1000
Trd, 001209.800, 1000
Trd, 001210.300, 1000
Trd, 001211.025, 1000
Trd, 001211.425, 1000
Trd, 001214.238, 1000
Trd, 001214.813, 1000
Trd, 001218.988, 1000
Trd, 001219.625, 1000
Trd, 001220.075, 1000
Trd, 001223.500, 1000
Trd, 001224.613, 1000
Trd, 001227.963, 1000
Trd, 001228.613, 1000
Trd, 001229.450, 1000
Trd, 001230.163, 1000
Trd, 001235.475, 1000
Trd, 001235.900, 1000
Trd, 001239.325, 1000
Trd, 001239.663, 1000
Trd, 001239.913, 1000
Trd, 001240.275, 1000
Trd, 001245.213, 1000
Trd, 001246.175, 1000
Trd, 001247.700, 1000
Trd, 001249.088, 1000
Trd, 001249.638, 1000
Trd, 001250.300, 1000
Trd, 001251.875, 1000
Trd, 001253.225, 1000
Trd, 001253.413, 1000
Trd, 001255.863, 1000
Trd, 001257.738, 1000
Trd, 001261.413, 1000
Trd, 001261.625, 1000
Trd, 001261.988, 1000
Trd, 001262.213, 1000
Trd, 001263.125, 1000
Trd, 001263.775, 1000
Trd, 001268.050, 1000
Trd, 001268.938, 1000
Trd, 001269.788, 1000
Trd, 001271.063, 1000
Trd, 001273.050, 1000
Trd, 001274.663, 1000
Trd, 001274.788, 1000
Trd, 001276.538, 1000
Trd, 001277.438, 1000
Trd, 001282.350, 1000
Trd, 001283.438, 1000
Trd, 001284.538, 1000
Trd, 001286.238, 1000
Trd, 001290.238, 1000
Trd, 001290.400, 1000
Trd, 001290.925, 1000
Trd, 001291.463, 1000
Trd, 001292.825, 1000
Trd, 001293.063, 1000
Trd, 001294.900, 1000
Trd, 001295.038, 1000
Trd, 001300.688, 1000
Trd, 001301.100, 1000
Trd, 001301.113, 1000
Trd, 001301.138, 1000
Trd, 001302.900, 1000
Trd, 001303.113, 1000
Trd, 001305.738, 1000
Trd, 001307.600, 1000
Trd, 001315.425, 1000
Trd, 001316.300, 1000
Trd, 001317.125, 1000
Trd, 001317.475, 1000
Trd, 001318.888, 1000
Trd, 001320.813, 1000
Trd, 001321.225, 1000
Trd, 001323.688, 1000
Trd, 001324.088, 1000
Trd, 001324.363, 1000
Trd, 001325.013, 1000
Trd, 001328.413, 1000
Trd, 001329.500, 1000
Trd, 001333.488, 1000
Trd, 001335.938, 1000
Trd, 001336.063, 1000
Trd, 001336.138, 1000
Trd, 001337.825, 1000
Trd, 001342.975, 1000
Trd, 001345.375, 1000
Trd, 001345.488, 1000
Trd, 001346.588, 1000
Trd, 001347.850, 1000
Trd, 001348.013, 1000
Trd, 001348.500, 1000
Trd, 001350.600, 1000
Trd, 001352.075, 1000
Trd, 001352.975, 1000
Trd, 001353.075, 1000
Trd, 001354.088, 1000
Trd, 001357.838, 1000
Trd, 001358.838, 1000
Trd, 001359.950, 1000
Trd, 001364.150, 1000
Trd, 001364.425, 1000
Trd, 001366.750, 1000
Trd, 001366.988, 1000
Trd, 001367.325, 1000
Trd, 001369.475, 1000
Trd, 001370.488, 1000
Trd, 001371.063, 1000
Trd, 001377.038, 1000
Trd, 001377.263, 1000
Trd, 001377.338, 1000
Trd, 001377.600, 1000
Trd, 001378.425, 1000
Trd, 001381.000, 1000
Trd, 001382.700, 1000
Trd, 001385.913, 1000
Trd, 001386.575, 1000
Trd, 001389.025, 1000
Trd, 001389.638, 1000
Trd, 001389.713, 1000
Trd, 001390.600, 1000
Trd, 001390.738, 1000
Trd, 001394.475, 1000
Trd, 001395.675, 1000
Trd, 001400.413, 1000
Trd, 001400.538, 1000
Trd, 001401.263, 1000
Trd, 001404.275, 1000
Trd, 001405.250, 1000
Trd, 001405.500, 1000
Trd, 001405.763, 1000
Trd, 001406.313, 1000
Trd, 001409.825, 1000
Trd, 001410.400, 1000
Trd, 001411.600, 1000
Trd, 001413.850, 1000
Trd, 001415.738, 1000
Trd, 001415.950, 1000
Trd, 001416.775, 1000
Trd, 001417.150, 1000
Trd, 001420.700, 1000
Trd, 001424.225, 1000
Trd, 001428.213, 1000
Trd, 001429.513, 1000
Trd, 001430.138, 1000
Trd, 001430.875, 1000
Trd, 001432.963, 1000
Trd, 001433.400, 1000
Trd, 001435.763, 1000
Trd, 001436.113, 1000
Trd, 001437.688, 1000
Trd, 001439.425, 1000
Trd, 001439.950, 1000
Trd, 001441.688, 1000
Trd, 001443.888, 1000
Trd, 001444.988, 1000
Trd, 001446.675, 1000
Trd, 001447.025, 1000
Trd, 001447.400, 1000
Trd, 001449.688, 1000
Trd, 001455.913, 1000
Trd, 001458.700, 1000
Trd, 001461.050, 1000
Trd, 001465.975, 1000
Trd, 001466.025, 1000
Trd, 001466.325, 1000
Trd, 001466.888, 1000
Trd, 001467.425, 1000
Trd, 001467.725, 1000
Trd, 001467.938, 1000
Trd, 001468.863, 1000
Trd, 001469.938, 1000
Trd, 001470.013, 1000
Trd, 001470.950, 1000
Trd, 001474.188, 1000
Trd, 001477.100, 1000
Trd, 001477.513, 1000
Trd, 001478.675, 1000
Trd, 001480.600, 1000
Trd, 001485.313, 1000
Trd, 001487.875, 1000
Trd, 001488.725, 1000
Trd, 001490.238, 1000
Trd, 001492.950, 1000
Trd, 001493.225, 1000
Trd, 001494.188, 1000
Trd, 001495.488, 1000
Trd, 001495.813, 1000
Trd, 001499.888, 1000
Trd, 001500.038, 1000
Trd, 001500.413, 1000
Trd, 001500.675, 1000
Trd, 001500.825, 1000
Trd, 001501.075, 1000
Trd, 001502.238, 1000
Trd, 001504.988, 1000
Trd, 001505.400, 1000
Trd, 001505.925, 1000
Trd, 001507.225, 1000
Trd, 001509.563, 1000
Trd, 001512.088, 1000
Trd, 001514.163, 1000
Trd, 001514.750, 1000
Trd, 001517.325, 1000
Trd, 001517.550, 1000
Trd, 001519.413, 1000
Trd, 001520.500, 1000
Trd, 001524.588, 1000
Trd, 001525.363, 1000
Trd, 001525.813, 1000
Trd, 001526.925, 1000
Trd, 001528.025, 1000
Trd, 001528.250, 1000
Trd, 001528.288, 1000
Trd, 001529.400, 1000
Trd, 001532.750, 1000
Trd, 001533.238, 1000
Trd, 001534.713, 1000
Trd, 001535.200, 1000
Trd, 001535.263, 1000
Trd, 001536.225, 1000
Trd, 001539.525, 1000
Trd, 001541.513, 1000
Trd, 001541.663, 1000
Trd, 001544.038, 1000
Trd, 001549.900, 1000
Trd, 001550.563, 1000
Trd, 001551.125, 1000
Trd, 001552.425, 1000
Trd, 001552.950, 1000
Trd, 001553.338, 1000
Trd, 001554.175, 1000
Trd, 001554.788, 1000
Trd, 001558.375, 1000
Trd, 001561.163, 1000
Trd, 001562.888, 1000
Trd, 001563.750, 1000
Trd, 001565.363, 1000
Trd, 001567.300, 1000
Trd, 001569.925, 1000
Trd, 001572.025, 1000
Trd, 001572.338, 1000
Trd, 001572.600, 1000
Trd, 001573.138, 1000
Trd, 001573.463, 1000
Trd, 001577.400, 1000
Trd, 001577.525, 1000
Trd, 001577.675, 1000
Trd, 001580.300, 1000
Trd, 001580.988, 1000
Trd, 001583.025, 1000
Trd, 001584.613, 1000
Trd, 001586.600, 1000
Trd, 001587.725, 1000
Trd, 001589.438, 1000
Trd, 001590.538, 1000
Trd, 001591.700, 1000
Trd, 001596.200, 1000
Trd, 001597.838, 1000
Trd, 001598.638, 1000
Trd, 001598.825, 1000
Trd, 001601.288, 1000
Trd, 001601.725, 1000
Trd, 001603.400, 1000
Trd, 001605.550, 1000
Trd, 001605.888, 1000
Trd, 001606.400, 1000
Trd, 001607.263, 1000
Trd, 001607.963, 1000
Trd, 001609.150, 1000
Trd, 001610.275, 1000
Trd, 001610.663, 1000
Trd, 001611.500, 1000
Trd, 001613.138, 1000
Trd, 001614.225, 1000
Trd, 001615.550, 1000
Trd, 001621.350, 1000
Trd, 001622.213, 1000
Trd, 001625.813, 1000
Trd, 001629.100, 1000
Trd, 001629.925, 1000
Trd, 001631.125, 1000
Trd, 001632.438, 1000
Trd, 001635.838, 1000
Trd, 001636.150, 1000
Trd, 001637.325, 1000
Trd, 001639.863, 1000
Trd, 001640.888, 1000
Trd, 001641.225, 1000
Trd, 001641.313, 1000
Trd, 001641.875, 1000
Trd, 001647.100, 1000
Trd, 001647.213, 1000
Trd, 001647.925, 1000
Trd, 001648.788, 1000
Trd, 001650.888, 1000
Trd, 001651.000, 1000
Trd, 001653.775, 1000
Trd, 001654.275, 1000
Trd, 001656.163, 1000
Trd, 001658.125, 1000
Trd, 001658.375, 1000
Trd, 001658.575, 1000
Trd, 001658.600, 1000
Trd, 001658.863, 1000
Trd, 001660.325, 1000
Trd, 001660.750, 1000
Trd, 001664.788, 1000
Trd, 001664.813, 1000
Trd, 001671.750, 1000
Trd, 001673.750, 1000
Trd, 001676.913, 1000
Trd, 001677.238, 1000
Trd, 001677.513, 1000
Trd, 001677.925, 1000
Trd, 001678.150, 1000
Trd, 001680.038, 1000
Trd, 001681.500, 1000
Trd, 001681.825, 1000
Trd, 001686.350, 1000
Trd, 001686.663, 1000
Trd, 001688.825, 1000
Trd, 001692.188, 1000
Trd, 001693.138, 1000
Trd, 001695.863, 1000
Trd, 001696.338, 1000
Trd, 001698.788, 1000
Trd, 001699.475, 1000
Trd, 001699.750, 1000
Trd, 001700.363, 1000
Trd, 001700.900, 1000
Trd, 001701.763, 1000
Trd, 001704.188, 1000
Trd, 001704.363, 1000
Trd, 001704.725, 1000
Trd, 001705.825, 1000
Trd, 001709.150, 1000
Trd, 001711.425, 1000
Trd, 001711.825, 1000
Trd, 001713.200, 1000
Trd, 001714.663, 1000
Trd, 001715.963, 1000
Trd, 001717.850, 1000
Trd, 001722.438, 1000
Trd, 001725.113, 1000
Trd, 001725.738, 1000
Trd, 001730.013, 1000
Trd, 001732.250, 1000
Trd, 001732.563, 1000
Trd, 001733.263, 1000
Trd, 001734.675, 1000
Trd, 001736.463, 1000
Trd, 001737.925, 1000
Trd, 001738.525, 1000
Trd, 001740.225, 1000
Trd, 001740.863, 1000
Trd, 001740.963, 1000
Trd, 001743.038, 1000
Trd, 001743.800, 1000
Trd, 001745.750, 1000
Trd, 001747.588, 1000
Trd, 001748.488, 1000
Trd, 001750.863, 1000
Trd, 001752.988, 1000
Trd, 001753.013, 1000
Trd, 001754.300, 1000
Trd, 001755.025, 1000
Trd, 001755.700, 1000
Trd, 001756.200, 1000
Trd, 001761.788, 1000
Trd, 001763.775, 1000
Trd, 001765.225, 1000
Trd, 001765.638, 1000
Trd, 001766.863, 1000
Trd, 001767.275, 1000
Trd, 001770.325, 1000
Trd, 001770.963, 1000
Trd, 001771.025, 1000
Trd, 001771.738, 1000
Trd, 001774.275, 1000
Trd, 001775.300, 1000
Trd, 001779.625, 1000
Trd, 001781.413, 1000
Trd, 001782.313, 1000
Trd, 001787.300, 1000
Trd, 001788.275, 1000
Trd, 001790.163, 1000
Trd, 001790.300, 1000
Trd, 001790.400, 1000
Trd, 001792.650, 1000
Trd, 001793.938, 1000
Trd, 001794.388, 1000
Trd, 001798.000, 1000
Trd, 001798.188, 1000
Trd, 001798.425, 1000
Trd, 001800.025, 1000
Trd, 001800.575, 1000
Trd, 001800.763, 1000
Trd, 001804.300, 1000
Trd, 001804.638, 1000
Trd, 001804.963, 1000
Trd, 001811.513, 1000
Trd, 001811.613, 1000
Trd, 001812.000, 1000
Trd, 001814.400, 1000
Trd, 001815.850, 1000
Trd, 001817.313, 1000
Trd, 001817.700, 1000
Trd, 001818.525, 1000
Trd, 001819.163, 1000
Trd, 001819.325, 1000
Trd, 001819.525, 1000
Trd, 001819.950, 1000
Trd, 001821.013, 1000
Trd, 001822.900, 1000
Trd, 001824.500, 1000
Trd, 001830.013, 1000
Trd, 001830.863, 1000
Trd, 001831.263, 1000
Trd, 001831.913, 1000
Trd, 001832.438, 1000
Trd, 001832.975, 1000
Trd, 001835.313, 1000
Trd, 001836.725, 1000
Trd, 001838.200, 1000
Trd, 001840.263, 1000
Trd, 001840.688, 1000
Trd, 001844.238, 1000
Trd, 001846.188, 1000
Trd, 001850.113, 1000
Trd, 001850.738, 1000
Trd, 001852.675, 1000
Trd, 001854.113, 1000
Trd, 001854.650, 1000
Trd, 001855.713, 1000
Trd, 001857.913, 1000
Trd, 001859.450, 1000
Trd, 001860.650, 1000
Trd, 001861.088, 1000
Trd, 001866.000, 1000
Trd, 001866.375, 1000
Trd, 001866.938, 1000
Trd, 001868.388, 1000
Trd, 001868.875, 1000
Trd, 001870.913, 1000
Trd, 001872.575, 1000
Trd, 001874.463, 1000
Trd, 001876.550, 1000
Trd, 001876.638, 1000
Trd, 001877.650, 1000
Trd, 001878.613, 1000
Trd, 001881.388, 1000
Trd, 001881.700, 1000
Trd, 001885.825, 1000
Trd, 001886.575, 1000
Trd, 001887.875, 1000
Trd, 001891.275, 1000
Trd, 001891.313, 1000
Trd, 001891.413, 1000
Trd, 001891.550, 1000
Trd, 001893.100, 1000
Trd, 001893.913, 1000
Trd, 001894.638, 1000
Trd, 001896.963, 1000
Trd, 001897.788, 1000
Trd, 001898.600, 1000
Trd, 001900.038, 1000
Trd, 001900.450, 1000
Trd, 001900.763, 1000
Trd, 001901.063, 1000
Trd, 001907.525, 1000
Trd, 001908.950, 1000
Trd, 001909.238, 1000
Trd, 001909.988, 1000
Trd, 001913.363, 1000
Trd, 001915.675, 1000
Trd, 001917.038, 1000
Trd, 001918.350, 1000
Trd, 001920.775, 1000
Trd, 001922.550, 1000
Trd, 001923.563, 1000
Trd, 001924.400, 1000
Trd, 001926.850, 1000
Trd, 001927.763, 1000
Trd, 001928.538, 1000
Trd, 001928.763, 1000
Trd, 001931.588, 1000
Trd, 001934.025, 1000
Trd, 001938.388, 1000
Trd, 001940.900, 1000
Trd, 001942.200, 1000
Trd, 001944.200, 1000
Trd, 001945.638, 1000
Trd, 001946.588, 1000
Trd, 001948.325, 1000
Trd, 001948.600, 1000
Trd, 001948.950, 1000
Trd, 001949.088, 1000
Trd, 001950.063, 1000
Trd, 001950.788, 1000
Trd, 001951.300, 1000
Trd, 001951.813, 1000
Trd, 001955.463, 1000
Trd, 001958.588, 1000
Trd, 001959.613, 1000
Trd, 001960.863, 1000
Trd, 001961.175, 1000
Trd, 001966.288, 1000
Trd, 001968.500, 1000
Trd, 001969.088, 1000
Trd, 001970.713, 1000
Trd, 001974.050, 1000
Trd, 001974.138, 1000
Trd, 001974.575, 1000
Trd, 001975.075, 1000
Trd, 001975.688, 1000
Trd, 001977.225, 1000
Trd, 001978.263, 1000
Trd, 001979.100, 1000
Trd, 001979.588, 1000
Trd, 001981.000, 1000
Trd, 001981.025, 1000
Trd, 001981.225, 1000
Trd, 001981.400, 1000
Trd, 001982.275, 1000
Trd, 001985.800, 1000
Trd, 001986.138, 1000
Trd, 001995.325, 1000
Trd, 001995.475, 1000
Trd, 001995.988, 1000
Trd, 001996.650, 1000
Trd, 001998.225, 1000
Trd, 001999.275, 1000
Trd, 002002.475, 1000
Trd, 002002.488, 1000
Trd, 002002.650, 1000
Trd, 002003.175, 1000
Trd, 002003.725, 1000
Trd, 002004.825, 1000
Trd, 002005.363, 1000
Trd, 002008.488, 1000
Trd, 002009.325, 1000
Trd, 002012.450, 1000
Trd, 002013.375, 1000
Trd, 002014.463, 1000
Trd, 002017.863, 1000
Trd, 002021.475, 1000
Trd, 002021.988, 1000
Trd, 002023.050, 1000
Trd, 002023.100, 1000
Trd, 002026.300, 1000
Trd, 002026.663, 1000
Trd, 002027.438, 1000
Trd, 002028.600, 1000
Trd, 002030.913, 1000
Trd, 002032.225, 1000
Trd, 002032.400, 1000
Trd, 002033.563, 1000
Trd, 002038.350, 1000
Trd, 002039.838, 1000
Trd, 002040.750, 1000
Trd, 002041.113, 1000
Trd, 002041.275, 1000
Trd, 002044.938, 1000
Trd, 002048.500, 1000
Trd, 002050.175, 1000
Trd, 002050.313, 1000
Trd, 002053.800, 1000
Trd, 002055.700, 1000
Trd, 002056.775, 1000
Trd, 002057.600, 1000
Trd, 002058.000, 1000
Trd, 002059.175, 1000
Trd, 002059.238, 1000
Trd, 002059.588, 1000
Trd, 002062.575, 1000
Trd, 002063.500, 1000
Trd, 002064.338, 1000
Trd, 002064.413, 1000
Trd, 002065.075, 1000
Trd, 002068.775, 1000
Trd, 002071.925, 1000
Trd, 002072.600, 1000
Trd, 002073.313, 1000
Trd, 002073.850, 1000
Trd, 002073.938, 1000
Trd, 002075.825, 1000
Trd, 002077.650, 1000
Trd, 002078.063, 1000
Trd, 002078.538, 1000
Trd, 002080.338, 1000
Trd, 002083.688, 1000
Trd, 002083.950, 1000
Trd, 002086.813, 1000
Trd, 002088.638, 1000
Trd, 002089.413, 1000
Trd, 002090.863, 1000
Trd, 002095.100, 1000
Trd, 002095.713, 1000
Trd, 002099.275, 1000
Trd, 002099.838, 1000
Trd, 002102.250, 1000
Trd, 002102.675, 1000
Trd, 002103.050, 1000
Trd, 002107.275, 1000
Trd, 002108.138, 1000
Trd, 002110.688, 1000
Trd, 002111.625, 1000
Trd, 002114.288, 1000
Trd, 002115.263, 1000
Trd, 002116.738, 1000
Trd, 002117.188, 1000
Trd, 002118.163, 1000
Trd, 002122.925, 1000
Trd, 002123.388, 1000
Trd, 002123.975, 1000
Trd, 002124.788, 1000
Trd, 002126.400, 1000
Trd, 002127.075, 1000
Trd, 002127.875, 1000
Trd, 002130.588, 1000
Trd, 002131.650, 1000
Trd, 002132.575, 1000
Trd, 002132.863, 1000
Trd, 002133.113, 1000
Trd, 002133.313, 1000
Trd, 002136.425, 1000
Trd, 002138.050, 1000
Trd, 002142.038, 1000
Trd, 002142.050, 1000
Trd, 002142.738, 1000
Trd, 002143.063, 1000
Trd, 002143.825, 1000
Trd, 002144.163, 1000
Trd, 002144.650, 1000
Trd, 002144.763, 1000
Trd, 002147.250, 1000
Trd, 002147.838, 1000
Trd, 002149.425, 1000
Trd, 002151.225, 1000
Trd, 002157.688, 1000
Trd, 002158.825, 1000
Trd, 002161.938, 1000
Trd, 002163.063, 1000
Trd, 002164.525, 1000
Trd, 002168.488, 1000
Trd, 002171.150, 1000
Trd, 002173.450, 1000
Trd, 002174.963, 1000
Trd, 002175.413, 1000
Trd, 002179.425, 1000
Trd, 002179.838, 1000
Trd, 002180.788, 1000
Trd, 002181.500, 1000
Trd, 002182.350, 1000
Trd, 002183.650, 1000
Trd, 002184.713, 1000
Trd, 002185.075, 1000
Trd, 002188.150, 1000
Trd, 002190.325, 1000
Trd, 002191.788, 1000
Trd, 002192.100, 1000
Trd, 002193.125, 1000
Trd, 002194.588, 1000
Trd, 002194.900, 1000
Trd, 002195.688, 1000
Trd, 002196.963, 1000
Trd, 002200.988, 1000
Trd, 002202.350, 1000
Trd, 002202.463, 1000
Trd, 002204.788, 1000
Trd, 002207.788, 1000
Trd, 002208.475, 1000
Trd, 002210.388, 1000
Trd, 002210.775, 1000
Trd, 002210.838, 1000
Trd, 002211.063, 1000
Trd, 002212.738, 1000
Trd, 002215.213, 1000
Trd, 002215.600, 1000
Trd, 002216.213, 1000
Trd, 002217.813, 1000
Trd, 002220.225, 1000
Trd, 002220.538, 1000
Trd, 002223.950, 1000
Trd, 002224.688, 1000
Trd, 002225.463, 1000
Trd, 002228.313, 1000
Trd, 002228.638, 1000
Trd, 002229.800, 1000
Trd, 002235.588, 1000
Trd, 002236.300, 1000
Trd, 002236.438, 1000
Trd, 002237.688, 1000
Trd, 002238.838, 1000
Trd, 002242.850, 1000
Trd, 002244.275, 1000
Trd, 002244.338, 1000
Trd, 002245.775, 1000
Trd, 002245.850, 1000
Trd, 002246.675, 1000
Trd, 002248.213, 1000
Trd, 002251.375, 1000
Trd, 002251.388, 1000
Trd, 002252.288, 1000
Trd, 002254.888, 1000
Trd, 002256.888, 1000
Trd, 002256.975, 1000
Trd, 002259.175, 1000
Trd, 002260.588, 1000
Trd, 002265.050, 1000
Trd, 002265.813, 999
Trd, 002268.600, 1000
Trd, 002269.700, 1000
Trd, 002270.375, 1000
Trd, 002271.713, 1000
Trd, 002272.800, 1000
Trd, 002273.313, 1000
Trd, 002274.700, 1000
Trd, 002275.225, 1000
Trd, 002276.050, 1000
Trd, 002276.513, 1000
Trd, 002279.488, 1000
Trd, 002281.300, 1000
Trd, 002283.650, 1000
Trd, 002283.963, 1000
Trd, 002284.525, 1000
Trd, 002285.613, 1000
Trd, 002289.600, 1000
Trd, 002291.000, 1000
Trd, 002291.200, 1000
Trd, 002292.325, 1000
Trd, 002296.063, 1000
Trd, 002296.575, 1000
Trd, 002297.638, 1000
Trd, 002298.400, 1000
Trd, 002302.913, 1000
Trd, 002304.513, 1000
Trd, 002305.425, 1000
Trd, 002308.150, 1000
Trd, 002310.113, 1000
Trd, 002310.913, 1000
Trd, 002310.975, 1000
Trd, 002311.488, 1000
Trd, 002313.788, 1000
Trd, 002314.225, 1000
Trd, 002314.400, 1000
Trd, 002315.838, 1000
Trd, 002319.588, 1000
Trd, 002323.938, 1000
Trd, 002324.938, 1000
Trd, 002325.675, 1000
Trd, 002326.488, 1000
Trd, 002327.313, 1000
Trd, 002329.413, 1000
Trd, 002330.125, 1000
Trd, 002331.438, 1000
Trd, 002332.425, 1000
Trd, 002333.063, 1000
Trd, 002333.775, 1000
Trd, 002336.125, 1000
Trd, 002336.500, 1000
Trd, 002339.963, 1000
Trd, 002340.200, 1000
Trd, 002341.700, 1000
Trd, 002342.613, 1000
Trd, 002345.050, 1000
Trd, 002350.938, 1000
Trd, 002352.638, 1000
Trd, 002354.650, 1000
Trd, 002354.988, 1000
Trd, 002355.213, 1000
Trd, 002357.650, 1000
Trd, 002358.375, 1000
Trd, 002358.775, 1000
Trd, 002359.088, 1000
Trd, 002359.263, 1000
Trd, 002359.675, 1000
Trd, 002360.113, 1000
Trd, 002360.863, 1000
Trd, 002364.863, 1000
Trd, 002366.600, 1000
Trd, 002370.963, 1000
Trd, 002372.563, 1000
Trd, 002372.838, 1000
Trd, 002373.525, 1000
Trd, 002373.875, 1000
Trd, 002377.838, 1000
Trd, 002378.788, 1000
Trd, 002378.975, 1000
Trd, 002380.463, 1000
Trd, 002380.875, 1000
Trd, 002383.013, 1000
Trd, 002383.038, 1000
Trd, 002386.163, 1000
Trd, 002386.550, 1000
Trd, 002388.450, 1000
Trd, 002394.538, 1000
Trd, 002394.563, 1000
Trd, 002394.688, 1000
Trd, 002396.663, 1000
Trd, 002399.650, 1000
