Trd, 000006.438, 117
Trd, 000008.750, 114
Trd, 000009.837, 111
Trd, 000010.525, 110
Trd, 000011.325, 108
Trd, 000013.525, 104
Trd, 000013.650, 106
Trd, 000014.412, 106
Trd, 000014.650, 106
Trd, 000015.687, 106
Trd, 000017.125, 109
Trd, 000017.675, 104
Trd, 000019.425, 105
Trd, 000021.812, 108
Trd, 000023.225, 109
Trd, 000023.462, 108
Trd, 000026.112, 109
Trd, 000030.400, 109
Trd, 000031.850, 108
Trd, 000034.412, 107
Trd, 000034.987, 106
Trd, 000036.375, 106
Trd, 000036.450, 106
Trd, 000037.125, 106
Trd, 000038.100, 105
Trd, 000039.150, 104
Trd, 000039.575, 103
Trd, 000040.288, 103
Trd, 000041.475, 104
Trd, 000044.163, 102
Trd, 000044.788, 102
Trd, 000045.038, 108
Trd, 000046.675, 102
Trd, 000048.950, 106
Trd, 000051.925, 103
Trd, 000053.913, 105
Trd, 000054.038, 105
Trd, 000054.250, 105
Trd, 000055.200, 103
Trd, 000060.075, 102
Trd, 000060.363, 104
Trd, 000060.500, 105
Trd, 000061.825, 104
Trd, 000062.738, 103
Trd, 000063.750, 102
Trd, 000064.238, 102
Trd, 000065.388, 101
Trd, 000068.338, 103
Trd, 000068.488, 102
Trd, 000068.775, 100
Trd, 000069.475, 100
Trd, 000070.463, 100
Trd, 000070.663, 100
Trd, 000070.763, 99
Trd, 000071.463, 101
Trd, 000074.413, 99
Trd, 000075.213, 98
Trd, 000075.938, 98
Trd, 000076.938, 99
Trd, 000077.425, 101
Trd, 000080.638, 102
Trd, 000087.638, 105
Trd, 000089.363, 100
Trd, 000090.100, 100
Trd, 000093.100, 105
Trd, 000093.888, 101
Trd, 000094.850, 104
Trd, 000095.763, 106
Trd, 000096.625, 104
Trd, 000096.675, 102
Trd, 000097.675, 101
Trd, 000099.375, 101
Trd, 000100.563, 101
Trd, 000105.163, 100
Trd, 000105.850, 99
Trd, 000107.138, 99
Trd, 000109.663, 98
Trd, 000111.875, 99
Trd, 000111.925, 99
Trd, 000114.400, 100
Trd, 000115.763, 100
Trd, 000117.463, 98
Trd, 000117.950, 98
Trd, 000118.463, 102
Trd, 000120.125, 98
Trd, 000120.550, 97
Trd, 000122.163, 96
Trd, 000127.163, 98
Trd, 000128.150, 97
Trd, 000128.413, 98
Trd, 000130.500, 97
Trd, 000132.738, 98
Trd, 000133.525, 97
Trd, 000136.363, 97
Trd, 000136.638, 97
Trd, 000136.938, 99
Trd, 000137.238, 97
Trd, 000137.288, 96
Trd, 000138.263, 101
Trd, 000139.275, 96
Trd, 000139.700, 96
Trd, 000143.275, 96
Trd, 000143.313, 102
Trd, 000145.700, 96
Trd, 000148.100, 97
Trd, 000148.288, 98
Trd, 000150.612, 100
Trd, 000150.650, 99
Trd, 000150.900, 98
Trd, 000150.950, 103
Trd, 000153.837, 102
Trd, 000155.737, 101
Trd, 000157.262, 99
Trd, 000157.375, 97
Trd, 000160.750, 95
Trd, 000161.425, 94
Trd, 000162.750, 93
Trd, 000164.037, 94
Trd, 000164.125, 97
Trd, 000164.362, 92
Trd, 000165.987, 97
Trd, 000166.850, 95
Trd, 000168.187, 94
Trd, 000168.650, 94
Trd, 000172.200, 93
Trd, 000173.762, 94
Trd, 000175.587, 94
Trd, 000176.262, 93
Trd, 000178.287, 95
Trd, 000179.900, 92
Trd, 000180.175, 93
Trd, 000182.087, 94
Trd, 000182.725, 94
Trd, 000182.912, 93
Trd, 000183.637, 92
Trd, 000185.812, 96
Trd, 000186.712, 94
Trd, 000188.687, 95
Trd, 000189.250, 94
Trd, 000189.900, 96
Trd, 000197.162, 94
Trd, 000198.300, 93
Trd, 000199.300, 95
Trd, 000200.187, 92
Trd, 000200.787, 91
Trd, 000201.000, 90
Trd, 000205.775, 91
Trd, 000205.912, 91
Trd, 000206.200, 92
Trd, 000208.150, 93
Trd, 000208.350, 92
Trd, 000208.762, 95
Trd, 000209.075, 95
Trd, 000210.350, 91
Trd, 000211.737, 95
Trd, 000212.725, 95
Trd, 000212.925, 96
Trd, 000215.637, 97
Trd, 000216.062, 97
Trd, 000217.075, 95
Trd, 000220.437, 94
Trd, 000220.550, 95
Trd, 000220.750, 94
Trd, 000221.175, 95
Trd, 000225.300, 96
Trd, 000225.650, 94
Trd, 000225.737, 100
Trd, 000227.637, 99
Trd, 000228.037, 100
Trd, 000228.437, 100
Trd, 000229.662, 99
Trd, 000233.262, 100
Trd, 000233.437, 101
Trd, 000234.062, 101
Trd, 000236.062, 103
Trd, 000239.650, 104
Trd, 000239.775, 104
Trd, 000241.100, 104
Trd, 000241.762, 103
Trd, 000244.225, 102
Trd, 000245.887, 102
Trd, 000246.450, 104
Trd, 000247.725, 105
Trd, 000248.375, 105
Trd, 000248.462, 106
Trd, 000248.962, 106
Trd, 000249.787, 106
Trd, 000251.950, 107
Trd, 000253.800, 108
Trd, 000256.587, 105
Trd, 000259.037, 106
Trd, 000259.487, 105
Trd, 000259.575, 104
Trd, 000260.475, 104
Trd, 000261.362, 105
Trd, 000261.912, 106
Trd, 000262.337, 108
Trd, 000264.987, 109
Trd, 000267.825, 109
Trd, 000268.062, 110
Trd, 000270.200, 110
Trd, 000271.062, 110
Trd, 000271.150, 112
Trd, 000271.212, 113
Trd, 000273.250, 113
Trd, 000273.625, 113
Trd, 000278.300, 114
Trd, 000278.487, 114
Trd, 000279.300, 114
Trd, 000280.412, 115
Trd, 000282.212, 117
Trd, 000283.437, 120
Trd, 000283.487, 120
Trd, 000284.575, 121
Trd, 000285.462, 121
Trd, 000286.000, 120
Trd, 000286.675, 119
Trd, 000287.012, 121
Trd, 000287.762, 123
Trd, 000288.100, 124
Trd, 000288.700, 129
Trd, 000290.237, 131
Trd, 000290.400, 128
Trd, 000292.300, 124
Trd, 000294.887, 125
Trd, 000295.937, 124
Trd, 000296.287, 124
Trd, 000297.437, 126
Trd, 000301.275, 124
Trd, 000301.437, 126
Trd, 000302.862, 125
Trd, 000305.500, 127
Trd, 000306.837, 127
Trd, 000308.825, 126
Trd, 000311.150, 127
Trd, 000311.975, 126
Trd, 000312.762, 124
Trd, 000313.100, 128
Trd, 000313.225, 123
Trd, 000317.750, 124
Trd, 000320.812, 123
Trd, 000321.100, 123
Trd, 000322.475, 121
Trd, 000323.112, 122
Trd, 000323.237, 122
Trd, 000323.350, 121
Trd, 000323.487, 121
Trd, 000324.625, 122
Trd, 000324.787, 120
Trd, 000325.675, 120
Trd, 000326.900, 118
Trd, 000331.212, 118
Trd, 000331.987, 117
Trd, 000333.937, 121
Trd, 000335.025, 120
Trd, 000338.650, 120
Trd, 000340.275, 119
Trd, 000342.450, 120
Trd, 000344.112, 120
Trd, 000344.200, 121
Trd, 000345.100, 122
Trd, 000346.012, 121
Trd, 000348.512, 119
Trd, 000348.900, 119
Trd, 000350.200, 119
Trd, 000350.775, 118
Trd, 000351.287, 117
Trd, 000352.862, 119
Trd, 000353.212, 122
Trd, 000356.162, 124
Trd, 000357.600, 124
Trd, 000359.125, 121
Trd, 000360.975, 119
Trd, 000361.662, 119
Trd, 000362.962, 118
Trd, 000363.350, 119
Trd, 000363.575, 120
Trd, 000364.475, 119
Trd, 000365.162, 118
Trd, 000365.725, 117
Trd, 000365.750, 120
Trd, 000368.812, 119
Trd, 000370.087, 117
Trd, 000374.562, 117
Trd, 000374.612, 116
Trd, 000375.337, 116
Trd, 000375.625, 115
Trd, 000375.787, 116
Trd, 000375.862, 115
Trd, 000377.125, 115
Trd, 000378.125, 116
Trd, 000382.137, 116
Trd, 000382.737, 115
Trd, 000386.100, 114
Trd, 000388.125, 117
Trd, 000388.287, 113
Trd, 000388.512, 119
Trd, 000389.462, 113
Trd, 000391.262, 114
Trd, 000391.612, 115
Trd, 000393.650, 113
Trd, 000394.750, 114
Trd, 000394.875, 113
Trd, 000395.362, 115
Trd, 000398.175, 113
Trd, 000398.850, 112
Trd, 000401.600, 113
Trd, 000401.762, 112
Trd, 000401.875, 111
Trd, 000402.550, 117
Trd, 000408.100, 111
Trd, 000408.637, 111
Trd, 000409.425, 111
Trd, 000410.175, 114
Trd, 000410.375, 112
Trd, 000411.575, 116
Trd, 000416.537, 111
Trd, 000417.250, 116
Trd, 000417.312, 110
Trd, 000418.275, 110
Trd, 000419.162, 110
Trd, 000419.762, 110
Trd, 000421.000, 109
Trd, 000421.225, 108
Trd, 000421.925, 115
Trd, 000422.325, 108
Trd, 000423.475, 115
Trd, 000423.737, 109
Trd, 000426.625, 112
Trd, 000427.100, 109
Trd, 000430.900, 108
Trd, 000432.162, 109
Trd, 000432.562, 108
Trd, 000433.712, 107
Trd, 000434.225, 107
Trd, 000435.350, 107
Trd, 000435.912, 105
Trd, 000436.125, 104
Trd, 000437.325, 104
Trd, 000438.975, 103
Trd, 000441.637, 105
Trd, 000442.212, 105
Trd, 000444.162, 106
Trd, 000444.550, 105
Trd, 000445.762, 107
Trd, 000446.387, 106
Trd, 000447.400, 104
Trd, 000451.500, 105
Trd, 000452.412, 105
Trd, 000453.812, 103
Trd, 000453.875, 102
Trd, 000453.962, 102
Trd, 000454.025, 101
Trd, 000454.937, 101
Trd, 000456.412, 104
Trd, 000457.812, 104
Trd, 000459.000, 102
Trd, 000462.225, 100
Trd, 000463.400, 103
Trd, 000464.362, 103
Trd, 000466.375, 103
Trd, 000467.575, 101
Trd, 000469.662, 101
Trd, 000470.262, 101
Trd, 000474.237, 101
Trd, 000474.587, 102
Trd, 000476.425, 103
Trd, 000476.475, 104
Trd, 000477.625, 106
Trd, 000478.537, 101
Trd, 000481.712, 103
Trd, 000483.250, 106
Trd, 000484.262, 104
Trd, 000485.812, 104
Trd, 000488.637, 104
Trd, 000489.300, 105
Trd, 000489.662, 103
Trd, 000489.800, 103
Trd, 000493.187, 106
Trd, 000493.875, 104
Trd, 000496.225, 108
Trd, 000496.900, 108
Trd, 000498.862, 107
Trd, 000498.950, 106
Trd, 000501.275, 105
Trd, 000502.537, 104
Trd, 000504.550, 104
Trd, 000505.212, 107
Trd, 000505.987, 106
Trd, 000506.387, 107
Trd, 000508.275, 108
Trd, 000511.212, 106
Trd, 000511.325, 107
Trd, 000511.600, 107
Trd, 000513.225, 105
Trd, 000513.975, 104
Trd, 000516.650, 106
Trd, 000517.750, 107
Trd, 000517.900, 107
Trd, 000518.000, 106
Trd, 000518.375, 106
Trd, 000518.400, 108
Trd, 000518.587, 105
Trd, 000521.062, 107
Trd, 000522.787, 108
Trd, 000523.412, 108
Trd, 000524.562, 108
Trd, 000529.337, 104
Trd, 000529.887, 108
Trd, 000533.350, 109
Trd, 000533.850, 109
Trd, 000535.212, 103
Trd, 000535.487, 105
Trd, 000536.100, 110
Trd, 000536.350, 109
Trd, 000537.262, 109
Trd, 000540.237, 111
Trd, 000541.712, 110
Trd, 000544.637, 111
Trd, 000544.700, 112
Trd, 000547.712, 110
Trd, 000548.262, 111
Trd, 000548.325, 112
Trd, 000551.662, 110
Trd, 000553.175, 109
Trd, 000553.612, 109
Trd, 000553.625, 109
Trd, 000557.137, 110
Trd, 000558.337, 109
Trd, 000558.350, 108
Trd, 000558.612, 108
Trd, 000562.612, 110
Trd, 000564.150, 110
Trd, 000564.250, 109
Trd, 000566.162, 110
Trd, 000568.425, 111
Trd, 000569.187, 111
Trd, 000569.637, 109
Trd, 000572.150, 112
Trd, 000572.375, 111
Trd, 000573.112, 112
Trd, 000573.637, 111
Trd, 000575.450, 112
Trd, 000575.587, 111
Trd, 000576.175, 112
Trd, 000576.975, 111
Trd, 000578.825, 110
Trd, 000581.525, 111
Trd, 000582.450, 110
Trd, 000582.925, 112
Trd, 000583.250, 109
Trd, 000584.987, 108
Trd, 000585.900, 107
Trd, 000586.250, 110
Trd, 000587.275, 107
Trd, 000594.900, 112
Trd, 000595.950, 106
Trd, 000597.050, 108
Trd, 000597.675, 108
Trd, 000600.350, 111
Trd, 000601.675, 113
Trd, 000601.912, 113
Trd, 000603.950, 114
Trd, 000604.288, 115
Trd, 000605.300, 115
Trd, 000606.963, 115
Trd, 000607.075, 116
Trd, 000607.400, 115
Trd, 000611.725, 112
Trd, 000611.963, 114
Trd, 000612.150, 112
Trd, 000614.400, 111
Trd, 000615.200, 114
Trd, 000615.338, 111
Trd, 000618.275, 112
Trd, 000619.450, 111
Trd, 000623.638, 111
Trd, 000624.650, 110
Trd, 000625.063, 110
Trd, 000626.338, 116
Trd, 000627.013, 111
Trd, 000627.675, 116
Trd, 000629.275, 112
Trd, 000630.425, 112
Trd, 000631.175, 113
Trd, 000632.975, 114
Trd, 000634.275, 115
Trd, 000634.688, 116
Trd, 000636.725, 117
Trd, 000638.350, 114
Trd, 000638.838, 113
Trd, 000639.338, 115
Trd, 000640.325, 114
Trd, 000642.938, 115
Trd, 000644.075, 118
Trd, 000644.925, 118
Trd, 000645.600, 114
Trd, 000651.038, 113
Trd, 000652.413, 114
Trd, 000652.750, 113
Trd, 000653.163, 112
Trd, 000653.388, 112
Trd, 000655.800, 115
Trd, 000657.625, 112
Trd, 000658.388, 111
Trd, 000658.525, 109
Trd, 000659.575, 109
Trd, 000660.425, 109
Trd, 000661.250, 108
Trd, 000661.275, 107
Trd, 000661.788, 109
Trd, 000662.225, 107
Trd, 000664.150, 102
Trd, 000665.225, 101
Trd, 000665.425, 103
Trd, 000665.888, 101
Trd, 000666.413, 102
Trd, 000667.463, 106
Trd, 000670.600, 107
Trd, 000671.500, 107
Trd, 000675.400, 107
Trd, 000675.525, 106
Trd, 000677.525, 106
Trd, 000678.050, 107
Trd, 000680.838, 105
Trd, 000681.338, 105
Trd, 000681.800, 105
Trd, 000682.138, 106
Trd, 000682.238, 106
Trd, 000683.563, 106
Trd, 000684.913, 102
Trd, 000686.988, 101
Trd, 000688.413, 101
Trd, 000689.013, 100
Trd, 000692.613, 104
Trd, 000693.725, 100
Trd, 000696.413, 99
Trd, 000698.550, 101
Trd, 000699.288, 100
Trd, 000699.975, 99
Trd, 000700.625, 99
Trd, 000701.000, 99
Trd, 000704.088, 98
Trd, 000704.588, 98
Trd, 000704.788, 97
Trd, 000704.925, 100
Trd, 000707.825, 97
Trd, 000708.338, 97
Trd, 000713.888, 96
Trd, 000714.963, 96
Trd, 000716.763, 98
Trd, 000717.725, 96
Trd, 000718.188, 95
Trd, 000718.913, 95
Trd, 000719.788, 93
Trd, 000721.100, 96
Trd, 000721.825, 97
Trd, 000722.200, 96
Trd, 000724.413, 99
Trd, 000725.088, 101
Trd, 000725.725, 100
Trd, 000726.013, 99
Trd, 000726.838, 99
Trd, 000728.075, 100
Trd, 000728.225, 101
Trd, 000729.013, 100
Trd, 000731.213, 103
Trd, 000738.663, 100
Trd, 000738.875, 103
Trd, 000739.738, 103
Trd, 000741.288, 103
Trd, 000741.475, 102
Trd, 000741.863, 103
Trd, 000744.913, 105
Trd, 000745.388, 105
Trd, 000745.600, 104
Trd, 000747.600, 106
Trd, 000747.788, 106
Trd, 000747.963, 100
Trd, 000749.038, 105
Trd, 000749.825, 103
Trd, 000749.863, 102
Trd, 000750.075, 106
Trd, 000750.363, 99
Trd, 000752.638, 99
Trd, 000753.238, 100
Trd, 000753.925, 101
Trd, 000756.100, 103
Trd, 000758.488, 104
Trd, 000759.188, 105
Trd, 000762.363, 101
Trd, 000762.938, 100
Trd, 000763.563, 100
Trd, 000763.675, 99
Trd, 000764.050, 99
Trd, 000764.713, 98
Trd, 000765.388, 97
Trd, 000765.400, 98
Trd, 000766.225, 99
Trd, 000767.138, 97
Trd, 000767.513, 96
Trd, 000772.800, 95
Trd, 000773.513, 97
Trd, 000773.575, 95
Trd, 000773.813, 99
Trd, 000774.213, 94
Trd, 000776.388, 99
Trd, 000776.838, 95
Trd, 000780.663, 93
Trd, 000781.275, 91
Trd, 000782.125, 90
Trd, 000784.900, 91
Trd, 000784.975, 91
Trd, 000785.375, 90
Trd, 000786.300, 91
Trd, 000786.600, 90
Trd, 000786.825, 90
Trd, 000789.013, 88
Trd, 000789.713, 88
Trd, 000793.588, 91
Trd, 000794.125, 90
Trd, 000794.163, 91
Trd, 000795.675, 90
Trd, 000796.725, 88
Trd, 000797.338, 93
Trd, 000799.238, 93
Trd, 000801.988, 91
Trd, 000805.950, 89
Trd, 000806.350, 91
Trd, 000809.163, 88
Trd, 000809.425, 90
Trd, 000810.538, 87
Trd, 000810.963, 90
Trd, 000811.050, 93
Trd, 000812.888, 94
Trd, 000813.000, 94
Trd, 000813.338, 96
Trd, 000818.113, 95
Trd, 000818.175, 95
Trd, 000819.188, 92
Trd, 000821.925, 95
Trd, 000824.725, 95
Trd, 000825.213, 93
Trd, 000827.613, 93
Trd, 000828.313, 93
Trd, 000828.550, 95
Trd, 000829.025, 95
Trd, 000830.938, 94
Trd, 000831.450, 96
Trd, 000832.925, 98
Trd, 000835.313, 100
Trd, 000839.075, 99
Trd, 000839.888, 100
Trd, 000840.188, 96
Trd, 000841.000, 96
Trd, 000841.163, 93
Trd, 000842.725, 95
Trd, 000842.888, 97
Trd, 000843.138, 98
Trd, 000844.650, 98
Trd, 000845.075, 100
Trd, 000846.325, 99
Trd, 000846.513, 97
Trd, 000847.275, 101
Trd, 000849.988, 101
Trd, 000853.375, 95
Trd, 000853.513, 95
Trd, 000853.838, 94
Trd, 000855.638, 93
Trd, 000855.663, 93
Trd, 000855.850, 92
Trd, 000856.175, 95
Trd, 000856.575, 96
Trd, 000858.913, 95
Trd, 000860.450, 93
Trd, 000860.475, 92
Trd, 000861.538, 93
Trd, 000864.113, 90
Trd, 000864.188, 89
Trd, 000869.325, 89
Trd, 000869.638, 88
Trd, 000870.975, 87
Trd, 000873.150, 91
Trd, 000873.600, 91
Trd, 000874.438, 95
Trd, 000874.575, 87
Trd, 000875.200, 89
Trd, 000875.675, 91
Trd, 000876.488, 90
Trd, 000879.538, 93
Trd, 000879.725, 93
Trd, 000881.425, 92
Trd, 000882.275, 88
Trd, 000884.913, 87
Trd, 000885.925, 85
Trd, 000886.288, 83
Trd, 000887.425, 83
Trd, 000888.100, 82
Trd, 000891.313, 82
Trd, 000892.313, 82
Trd, 000894.663, 82
Trd, 000894.900, 82
Trd, 000894.938, 80
Trd, 000895.750, 79
Trd, 000896.575, 82
Trd, 000899.838, 79
Trd, 000900.563, 84
Trd, 000900.650, 79
Trd, 000902.863, 80
Trd, 000904.400, 78
Trd, 000904.538, 81
Trd, 000904.713, 78
Trd, 000907.475, 85
Trd, 000908.550, 77
Trd, 000908.888, 85
Trd, 000911.013, 80
Trd, 000911.288, 79
Trd, 000914.400, 78
Trd, 000914.413, 79
Trd, 000915.588, 78
Trd, 000915.750, 79
Trd, 000915.975, 78
Trd, 000916.838, 83
Trd, 000919.100, 84
Trd, 000922.663, 83
Trd, 000924.163, 84
Trd, 000927.225, 85
Trd, 000930.725, 84
Trd, 000933.038, 83
Trd, 000934.025, 85
Trd, 000934.575, 85
Trd, 000935.263, 83
Trd, 000936.100, 82
Trd, 000937.475, 86
Trd, 000940.900, 83
Trd, 000941.600, 81
Trd, 000944.475, 85
Trd, 000945.500, 85
Trd, 000946.500, 86
Trd, 000946.638, 86
Trd, 000947.000, 84
Trd, 000947.538, 82
Trd, 000948.775, 84
Trd, 000950.663, 83
Trd, 000951.075, 81
Trd, 000951.088, 83
Trd, 000951.750, 81
Trd, 000955.763, 84
Trd, 000956.938, 86
Trd, 000960.575, 83
Trd, 000960.788, 82
Trd, 000962.013, 83
Trd, 000962.613, 82
Trd, 000965.125, 83
Trd, 000967.088, 81
Trd, 000967.200, 80
Trd, 000968.225, 80
Trd, 000970.938, 79
Trd, 000972.125, 80
Trd, 000972.163, 81
Trd, 000973.238, 81
Trd, 000973.813, 82
Trd, 000974.563, 81
Trd, 000975.225, 82
Trd, 000976.513, 81
Trd, 000976.950, 80
Trd, 000978.700, 81
Trd, 000978.963, 79
Trd, 000981.013, 79
Trd, 000981.188, 80
Trd, 000982.550, 79
Trd, 000983.925, 81
Trd, 000985.238, 80
Trd, 000986.250, 81
Trd, 000988.138, 83
Trd, 000989.025, 82
Trd, 000995.800, 80
Trd, 000998.375, 81
Trd, 000998.613, 82
Trd, 000998.838, 84
Trd, 000999.588, 79
Trd, 001000.225, 82
Trd, 001000.738, 80
Trd, 001001.575, 81
Trd, 001002.638, 80
Trd, 001002.950, 80
Trd, 001005.063, 83
Trd, 001005.563, 82
Trd, 001005.838, 81
Trd, 001007.025, 80
Trd, 001013.025, 79
Trd, 001014.963, 82
Trd, 001019.263, 82
Trd, 001019.463, 77
Trd, 001019.938, 83
Trd, 001020.963, 79
Trd, 001021.038, 79
Trd, 001021.413, 79
Trd, 001021.925, 80
Trd, 001027.100, 81
Trd, 001029.713, 79
Trd, 001030.838, 81
Trd, 001032.675, 83
Trd, 001033.038, 83
Trd, 001034.225, 83
Trd, 001034.500, 84
Trd, 001034.725, 82
Trd, 001035.063, 85
Trd, 001035.163, 86
Trd, 001037.675, 83
Trd, 001039.538, 82
Trd, 001042.450, 81
Trd, 001043.175, 82
Trd, 001044.525, 81
Trd, 001044.788, 80
Trd, 001049.563, 81
Trd, 001052.275, 79
Trd, 001052.400, 79
Trd, 001053.463, 78
Trd, 001054.463, 77
Trd, 001056.288, 77
Trd, 001056.813, 77
Trd, 001057.513, 77
Trd, 001059.125, 76
Trd, 001060.438, 76
Trd, 001061.425, 76
Trd, 001063.063, 75
Trd, 001064.763, 76
Trd, 001065.000, 77
Trd, 001069.763, 76
Trd, 001070.438, 74
Trd, 001070.475, 74
Trd, 001070.750, 76
Trd, 001071.663, 77
Trd, 001073.988, 76
Trd, 001074.738, 78
Trd, 001075.063, 78
Trd, 001075.213, 78
Trd, 001077.800, 79
Trd, 001078.163, 80
Trd, 001078.325, 76
Trd, 001080.338, 77
Trd, 001081.000, 76
Trd, 001084.850, 75
Trd, 001085.288, 75
Trd, 001090.888, 76
Trd, 001090.988, 74
Trd, 001091.288, 73
Trd, 001094.125, 73
Trd, 001094.700, 73
Trd, 001094.963, 73
Trd, 001097.025, 73
Trd, 001100.638, 72
Trd, 001103.088, 71
Trd, 001103.688, 74
Trd, 001104.125, 75
Trd, 001104.188, 76
Trd, 001105.538, 76
Trd, 001106.588, 72
Trd, 001108.550, 74
Trd, 001108.613, 74
Trd, 001109.763, 73
Trd, 001110.563, 75
Trd, 001111.375, 79
Trd, 001111.550, 75
Trd, 001115.963, 77
Trd, 001116.500, 77
Trd, 001116.750, 75
Trd, 001119.588, 78
Trd, 001120.050, 76
Trd, 001124.513, 75
Trd, 001125.950, 76
Trd, 001126.625, 75
Trd, 001128.150, 77
Trd, 001128.750, 79
Trd, 001130.325, 77
Trd, 001130.363, 74
Trd, 001132.275, 74
Trd, 001132.388, 74
Trd, 001134.825, 74
Trd, 001135.850, 73
Trd, 001136.600, 73
Trd, 001137.488, 74
Trd, 001138.425, 73
Trd, 001138.988, 73
Trd, 001140.275, 74
Trd, 001147.625, 73
Trd, 001147.938, 74
Trd, 001148.775, 72
Trd, 001150.238, 73
Trd, 001150.850, 73
Trd, 001152.750, 73
Trd, 001154.825, 73
Trd, 001155.475, 74
Trd, 001158.563, 74
Trd, 001161.088, 75
Trd, 001161.450, 75
Trd, 001161.600, 77
Trd, 001162.588, 77
Trd, 001162.663, 78
Trd, 001162.738, 77
Trd, 001164.288, 76
Trd, 001164.613, 80
Trd, 001166.200, 76
Trd, 001168.325, 76
Trd, 001171.600, 76
Trd, 001172.613, 76
Trd, 001173.138, 75
Trd, 001173.200, 77
Trd, 001174.100, 74
Trd, 001174.938, 75
Trd, 001175.525, 75
Trd, 001175.863, 75
Trd, 001176.013, 77
Trd, 001184.075, 80
Trd, 001184.513, 80
Trd, 001185.563, 79
Trd, 001187.538, 79
Trd, 001188.500, 77
Trd, 001189.825, 79
Trd, 001190.188, 80
Trd, 001191.188, 77
Trd, 001192.800, 75
Trd, 001193.338, 75
Trd, 001194.938, 77
Trd, 001196.500, 76
Trd, 001198.938, 77
Trd, 001199.113, 78
Trd, 001201.400, 78
Trd, 001202.288, 75
Trd, 001202.300, 74
Trd, 001204.550, 74
Trd, 001205.338, 73
Trd, 001206.150, 74
Trd, 001210.113, 74
Trd, 001210.500, 74
Trd, 001213.738, 78
Trd, 001216.788, 78
Trd, 001217.125, 80
Trd, 001218.588, 76
Trd, 001218.650, 79
Trd, 001219.213, 80
Trd, 001222.250, 81
Trd, 001224.225, 81
Trd, 001225.550, 80
Trd, 001227.163, 80
Trd, 001227.875, 81
Trd, 001229.775, 81
Trd, 001230.675, 80
Trd, 001231.038, 81
Trd, 001237.525, 80
Trd, 001238.175, 82
Trd, 001239.088, 82
Trd, 001239.188, 80
Trd, 001243.488, 80
Trd, 001244.563, 79
Trd, 001245.838, 80
Trd, 001246.363, 80
Trd, 001246.413, 79
Trd, 001246.488, 78
Trd, 001247.750, 80
Trd, 001247.863, 80
Trd, 001248.463, 80
Trd, 001249.738, 80
Trd, 001251.138, 81
Trd, 001252.800, 82
Trd, 001256.500, 81
Trd, 001257.613, 82
Trd, 001258.038, 82
Trd, 001258.300, 83
Trd, 001258.800, 82
Trd, 001260.238, 82
Trd, 001262.138, 82
Trd, 001262.400, 81
Trd, 001262.538, 83
Trd, 001264.025, 84
Trd, 001264.438, 80
Trd, 001267.400, 85
Trd, 001268.550, 85
Trd, 001269.975, 85
Trd, 001271.025, 84
Trd, 001272.813, 84
Trd, 001274.038, 79
Trd, 001276.238, 84
Trd, 001278.325, 83
Trd, 001279.000, 82
Trd, 001280.088, 83
Trd, 001282.525, 82
Trd, 001282.838, 81
Trd, 001283.163, 82
Trd, 001283.250, 82
Trd, 001283.350, 83
Trd, 001287.138, 80
Trd, 001290.313, 80
Trd, 001290.775, 79
Trd, 001291.313, 80
Trd, 001291.600, 79
Trd, 001292.713, 79
Trd, 001293.663, 84
Trd, 001294.388, 85
Trd, 001298.825, 78
Trd, 001299.925, 79
Trd, 001301.525, 78
Trd, 001302.950, 81
Trd, 001303.813, 82
Trd, 001306.150, 82
Trd, 001308.150, 82
Trd, 001308.788, 80
Trd, 001308.813, 80
Trd, 001309.813, 80
Trd, 001312.663, 80
Trd, 001316.950, 83
Trd, 001317.400, 84
Trd, 001317.838, 81
Trd, 001317.875, 83
Trd, 001319.375, 81
Trd, 001319.900, 82
Trd, 001320.363, 81
Trd, 001322.138, 82
Trd, 001323.350, 85
Trd, 001323.488, 86
Trd, 001325.200, 86
Trd, 001326.338, 86
Trd, 001326.500, 86
Trd, 001328.288, 85
Trd, 001328.775, 86
Trd, 001329.063, 87
Trd, 001329.388, 86
Trd, 001330.188, 87
Trd, 001335.875, 88
Trd, 001337.938, 85
Trd, 001338.713, 84
Trd, 001340.338, 88
Trd, 001341.925, 84
Trd, 001342.688, 87
Trd, 001343.938, 87
Trd, 001344.775, 87
Trd, 001345.513, 84
Trd, 001346.338, 85
Trd, 001349.513, 83
Trd, 001349.638, 84
Trd, 001350.013, 85
Trd, 001351.488, 84
Trd, 001355.125, 84
Trd, 001359.738, 85
Trd, 001360.100, 84
Trd, 001360.488, 85
Trd, 001361.650, 85
Trd, 001363.375, 87
Trd, 001364.475, 88
Trd, 001366.263, 87
Trd, 001367.063, 86
Trd, 001368.350, 85
Trd, 001369.825, 84
Trd, 001370.613, 86
Trd, 001372.638, 83
Trd, 001374.613, 83
Trd, 001374.788, 85
Trd, 001375.963, 85
Trd, 001376.638, 86
Trd, 001377.313, 85
Trd, 001379.675, 85
Trd, 001380.675, 83
Trd, 001382.013, 82
Trd, 001383.325, 84
Trd, 001384.700, 82
Trd, 001386.438, 82
Trd, 001388.275, 85
Trd, 001389.800, 82
Trd, 001390.725, 83
Trd, 001392.388, 82
Trd, 001392.625, 81
Trd, 001393.775, 84
Trd, 001396.038, 85
Trd, 001397.100, 86
Trd, 001398.838, 86
Trd, 001399.863, 87
Trd, 001400.288, 87
Trd, 001400.525, 88
Trd, 001401.500, 88
Trd, 001403.450, 89
Trd, 001404.775, 86
Trd, 001404.925, 85
Trd, 001406.238, 84
Trd, 001408.788, 87
Trd, 001412.813, 88
Trd, 001413.438, 88
Trd, 001414.363, 88
Trd, 001415.050, 90
Trd, 001416.625, 89
Trd, 001418.213, 89
Trd, 001418.850, 88
Trd, 001419.200, 89
Trd, 001420.988, 89
Trd, 001421.125, 92
Trd, 001421.188, 92
Trd, 001425.713, 88
Trd, 001425.900, 88
Trd, 001428.588, 92
Trd, 001428.875, 93
Trd, 001432.325, 93
Trd, 001433.263, 94
Trd, 001433.475, 94
Trd, 001433.700, 94
Trd, 001434.450, 95
Trd, 001434.838, 95
Trd, 001434.863, 95
Trd, 001435.388, 97
Trd, 001436.138, 98
Trd, 001436.863, 101
Trd, 001437.538, 101
Trd, 001438.063, 101
Trd, 001438.563, 102
Trd, 001439.013, 102
Trd, 001440.788, 104
Trd, 001441.925, 106
Trd, 001442.588, 107
Trd, 001442.838, 108
Trd, 001443.063, 110
Trd, 001444.863, 107
Trd, 001447.025, 110
Trd, 001448.363, 108
Trd, 001449.075, 110
Trd, 001449.313, 107
Trd, 001450.275, 107
Trd, 001452.538, 110
Trd, 001453.025, 110
Trd, 001453.650, 111
Trd, 001457.713, 111
Trd, 001462.800, 112
Trd, 001462.963, 109
Trd, 001463.075, 112
Trd, 001464.875, 112
Trd, 001464.988, 112
Trd, 001466.513, 114
Trd, 001469.300, 112
Trd, 001471.300, 111
Trd, 001471.700, 115
Trd, 001472.163, 115
Trd, 001473.325, 112
Trd, 001473.413, 111
Trd, 001474.800, 111
Trd, 001476.738, 111
Trd, 001477.400, 111
Trd, 001477.725, 111
Trd, 001479.350, 110
Trd, 001479.788, 112
Trd, 001480.188, 112
Trd, 001481.325, 116
Trd, 001481.575, 116
Trd, 001485.950, 116
Trd, 001487.050, 116
Trd, 001489.238, 116
Trd, 001491.963, 116
Trd, 001492.200, 117
Trd, 001492.975, 116
Trd, 001494.175, 117
Trd, 001494.925, 116
Trd, 001497.900, 117
Trd, 001499.600, 117
Trd, 001500.888, 115
Trd, 001501.400, 118
Trd, 001501.813, 118
Trd, 001502.113, 117
Trd, 001506.688, 117
Trd, 001506.813, 116
Trd, 001507.075, 118
Trd, 001508.100, 118
Trd, 001508.875, 118
Trd, 001509.638, 119
Trd, 001510.013, 115
Trd, 001515.875, 115
Trd, 001518.350, 117
Trd, 001518.588, 117
Trd, 001520.238, 115
Trd, 001520.613, 114
Trd, 001521.188, 114
Trd, 001521.438, 114
Trd, 001522.650, 113
Trd, 001524.125, 113
Trd, 001524.388, 112
Trd, 001525.288, 111
Trd, 001526.000, 111
Trd, 001527.625, 110
Trd, 001529.100, 114
Trd, 001531.563, 112
Trd, 001532.150, 113
Trd, 001532.563, 112
Trd, 001533.438, 112
Trd, 001534.538, 113
Trd, 001535.725, 113
Trd, 001542.100, 113
Trd, 001542.713, 111
Trd, 001542.938, 115
Trd, 001545.875, 115
Trd, 001546.175, 116
Trd, 001546.850, 116
Trd, 001547.200, 118
Trd, 001547.713, 114
Trd, 001547.775, 118
Trd, 001549.313, 117
Trd, 001549.763, 119
Trd, 001552.825, 114
Trd, 001553.100, 116
Trd, 001554.375, 117
Trd, 001554.875, 114
Trd, 001557.413, 116
Trd, 001558.350, 117
Trd, 001558.925, 118
Trd, 001560.713, 119
Trd, 001561.800, 118
Trd, 001568.863, 117
Trd, 001569.925, 117
Trd, 001570.313, 117
Trd, 001570.463, 118
Trd, 001571.863, 117
Trd, 001573.375, 117
Trd, 001574.200, 118
Trd, 001574.925, 116
Trd, 001579.550, 115
Trd, 001579.713, 116
Trd, 001579.850, 115
Trd, 001580.038, 115
Trd, 001580.288, 118
Trd, 001583.250, 115
Trd, 001584.963, 118
Trd, 001585.788, 117
Trd, 001586.900, 118
Trd, 001589.525, 119
Trd, 001590.525, 120
Trd, 001591.250, 121
Trd, 001592.600, 121
Trd, 001592.663, 119
Trd, 001594.475, 120
Trd, 001594.825, 122
Trd, 001595.450, 124
Trd, 001595.713, 124
Trd, 001595.788, 126
Trd, 001596.875, 123
Trd, 001597.675, 122
Trd, 001598.038, 121
Trd, 001603.675, 126
Trd, 001607.688, 124
Trd, 001609.913, 122
Trd, 001610.050, 121
Trd, 001611.250, 122
Trd, 001611.363, 120
Trd, 001612.613, 122
Trd, 001615.175, 120
Trd, 001617.738, 121
Trd, 001618.275, 121
Trd, 001618.638, 119
Trd, 001619.200, 119
Trd, 001621.150, 119
Trd, 001621.338, 119
Trd, 001622.263, 119
Trd, 001622.588, 120
Trd, 001623.188, 122
Trd, 001624.925, 123
Trd, 001626.525, 119
Trd, 001629.113, 120
Trd, 001629.713, 123
Trd, 001631.713, 125
Trd, 001633.025, 126
Trd, 001633.175, 124
Trd, 001636.400, 122
Trd, 001636.613, 125
Trd, 001637.813, 124
Trd, 001640.213, 127
Trd, 001643.525, 125
Trd, 001647.050, 126
Trd, 001647.200, 124
Trd, 001649.363, 126
Trd, 001650.538, 125
Trd, 001651.175, 126
Trd, 001652.975, 126
Trd, 001654.500, 125
Trd, 001656.063, 126
Trd, 001659.050, 124
Trd, 001659.688, 124
Trd, 001660.938, 125
Trd, 001662.250, 124
Trd, 001662.500, 123
Trd, 001664.288, 125
Trd, 001664.713, 126
Trd, 001665.225, 126
Trd, 001665.613, 128
Trd, 001667.225, 127
Trd, 001668.250, 128
Trd, 001670.563, 128
Trd, 001670.838, 127
Trd, 001674.013, 128
Trd, 001676.425, 126
Trd, 001677.338, 124
Trd, 001677.950, 124
Trd, 001678.438, 124
Trd, 001678.850, 123
Trd, 001679.200, 125
Trd, 001682.688, 125
Trd, 001683.450, 126
Trd, 001684.938, 126
Trd, 001690.888, 127
Trd, 001691.725, 125
Trd, 001693.313, 125
Trd, 001695.388, 125
Trd, 001695.413, 125
Trd, 001695.588, 124
Trd, 001696.350, 126
Trd, 001696.400, 129
Trd, 001697.600, 126
Trd, 001697.650, 128
Trd, 001699.950, 129
Trd, 001702.575, 129
Trd, 001703.825, 130
Trd, 001704.913, 130
Trd, 001708.225, 130
Trd, 001709.400, 131
Trd, 001709.600, 131
Trd, 001710.313, 129
Trd, 001710.988, 126
Trd, 001711.500, 129
Trd, 001712.600, 129
Trd, 001712.800, 128
Trd, 001713.650, 126
Trd, 001713.825, 126
Trd, 001716.088, 127
Trd, 001718.113, 128
Trd, 001718.763, 128
Trd, 001719.300, 128
Trd, 001719.463, 131
Trd, 001721.713, 128
Trd, 001722.575, 134
Trd, 001723.600, 133
Trd, 001725.900, 133
Trd, 001728.188, 132
Trd, 001728.638, 132
Trd, 001728.725, 134
Trd, 001731.338, 133
Trd, 001732.163, 131
Trd, 001732.775, 128
Trd, 001734.125, 128
Trd, 001734.750, 126
Trd, 001736.025, 127
Trd, 001736.563, 126
Trd, 001737.263, 125
Trd, 001737.613, 125
Trd, 001738.238, 124
Trd, 001739.688, 124
Trd, 001741.900, 122
Trd, 001742.000, 122
Trd, 001743.313, 122
Trd, 001743.800, 121
Trd, 001745.725, 122
Trd, 001747.338, 126
Trd, 001748.888, 129
Trd, 001749.613, 125
Trd, 001751.188, 130
Trd, 001752.675, 129
Trd, 001752.938, 130
Trd, 001752.975, 128
Trd, 001756.163, 127
Trd, 001757.575, 128
Trd, 001761.263, 130
Trd, 001762.500, 130
Trd, 001763.088, 131
Trd, 001763.188, 130
Trd, 001764.175, 129
Trd, 001767.713, 130
Trd, 001768.088, 131
Trd, 001769.050, 131
Trd, 001769.425, 128
Trd, 001772.775, 130
Trd, 001773.075, 129
Trd, 001773.663, 129
Trd, 001774.800, 128
Trd, 001775.225, 129
Trd, 001776.063, 129
Trd, 001776.900, 132
Trd, 001777.950, 133
Trd, 001781.850, 132
Trd, 001782.488, 129
Trd, 001785.088, 132
Trd, 001785.175, 133
Trd, 001787.050, 128
Trd, 001787.825, 129
Trd, 001788.738, 131
Trd, 001790.575, 130
Trd, 001792.613, 132
Trd, 001794.788, 131
Trd, 001796.750, 131
Trd, 001798.100, 130
Trd, 001798.375, 132
Trd, 001800.788, 131
Trd, 001804.100, 130
Trd, 001804.113, 132
Trd, 001805.150, 132
Trd, 001807.625, 133
Trd, 001810.038, 133
Trd, 001810.438, 132
Trd, 001811.838, 134
Trd, 001812.638, 134
Trd, 001812.725, 134
Trd, 001813.575, 135
Trd, 001815.463, 134
Trd, 001817.875, 133
Trd, 001819.338, 133
Trd, 001819.900, 134
Trd, 001820.238, 134
Trd, 001822.538, 133
Trd, 001822.650, 134
Trd, 001824.813, 132
Trd, 001825.200, 133
Trd, 001826.088, 134
Trd, 001827.450, 136
Trd, 001828.275, 131
Trd, 001830.225, 137
Trd, 001832.113, 135
Trd, 001832.225, 136
Trd, 001832.275, 134
Trd, 001836.400, 135
Trd, 001837.913, 135
Trd, 001840.500, 136
Trd, 001842.075, 136
Trd, 001843.338, 139
Trd, 001844.163, 139
Trd, 001845.425, 139
Trd, 001846.200, 140
Trd, 001847.638, 139
Trd, 001848.100, 140
Trd, 001848.425, 141
Trd, 001850.888, 141
Trd, 001851.275, 143
Trd, 001851.488, 143
Trd, 001854.200, 146
Trd, 001855.213, 146
Trd, 001856.288, 146
Trd, 001858.763, 146
Trd, 001859.313, 146
Trd, 001859.800, 147
Trd, 001860.800, 147
Trd, 001861.550, 147
Trd, 001862.238, 148
Trd, 001864.200, 147
Trd, 001865.363, 148
Trd, 001866.313, 148
Trd, 001867.863, 150
Trd, 001869.938, 150
Trd, 001870.363, 151
Trd, 001871.050, 152
Trd, 001871.288, 152
Trd, 001871.350, 152
Trd, 001872.175, 157
Trd, 001872.188, 155
Trd, 001874.975, 155
Trd, 001877.325, 159
Trd, 001878.488, 159
Trd, 001879.725, 159
Trd, 001880.150, 158
Trd, 001881.100, 160
Trd, 001881.563, 158
Trd, 001882.625, 160
Trd, 001884.138, 161
Trd, 001885.238, 160
Trd, 001888.525, 162
Trd, 001891.125, 164
Trd, 001891.350, 165
Trd, 001892.663, 165
Trd, 001893.050, 166
Trd, 001893.800, 167
Trd, 001895.238, 168
Trd, 001898.825, 169
Trd, 001899.025, 167
Trd, 001899.688, 168
Trd, 001901.563, 168
Trd, 001901.713, 169
Trd, 001901.913, 170
Trd, 001903.313, 170
Trd, 001904.388, 171
Trd, 001906.388, 170
Trd, 001908.313, 173
Trd, 001910.325, 173
Trd, 001911.463, 173
Trd, 001912.088, 174
Trd, 001913.288, 174
Trd, 001913.525, 174
Trd, 001914.750, 174
Trd, 001915.488, 175
Trd, 001917.675, 174
Trd, 001918.350, 176
Trd, 001919.925, 176
Trd, 001921.363, 177
Trd, 001921.813, 180
Trd, 001923.188, 182
Trd, 001923.375, 182
Trd, 001925.438, 182
Trd, 001926.638, 183
Trd, 001927.688, 183
Trd, 001929.425, 183
Trd, 001929.538, 184
Trd, 001929.638, 181
Trd, 001930.513, 185
Trd, 001930.588, 186
Trd, 001932.288, 185
Trd, 001935.200, 183
Trd, 001936.388, 182
Trd, 001937.363, 181
Trd, 001939.388, 180
Trd, 001941.575, 177
Trd, 001942.938, 177
Trd, 001943.238, 180
Trd, 001944.613, 175
Trd, 001947.450, 181
Trd, 001948.500, 180
Trd, 001954.750, 179
Trd, 001955.050, 177
Trd, 001959.013, 179
Trd, 001960.850, 177
Trd, 001963.038, 177
Trd, 001964.513, 177
Trd, 001965.988, 176
Trd, 001971.050, 176
Trd, 001971.713, 177
Trd, 001971.863, 178
Trd, 001971.900, 175
Trd, 001972.525, 176
Trd, 001973.375, 176
Trd, 001973.725, 175
Trd, 001973.763, 175
Trd, 001976.788, 177
Trd, 001977.013, 177
Trd, 001977.888, 176
Trd, 001979.138, 176
Trd, 001980.075, 177
Trd, 001980.725, 175
Trd, 001982.713, 176
Trd, 001983.575, 176
Trd, 001988.313, 178
Trd, 001990.463, 180
Trd, 001991.013, 181
Trd, 001991.088, 179
Trd, 001992.288, 180
Trd, 001992.588, 179
Trd, 001994.550, 180
Trd, 001995.538, 177
Trd, 001996.338, 177
Trd, 001996.388, 176
Trd, 001998.650, 175
Trd, 002000.975, 174
Trd, 002003.988, 174
Trd, 002004.413, 173
Trd, 002005.225, 174
Trd, 002005.250, 173
Trd, 002007.000, 174
Trd, 002009.063, 174
Trd, 002009.575, 174
Trd, 002009.838, 172
Trd, 002012.225, 173
Trd, 002012.513, 173
Trd, 002018.438, 178
Trd, 002018.850, 178
Trd, 002018.988, 179
Trd, 002020.913, 181
Trd, 002023.663, 180
Trd, 002024.413, 182
Trd, 002025.813, 183
Trd, 002027.350, 182
Trd, 002029.888, 180
Trd, 002034.175, 182
Trd, 002034.613, 181
Trd, 002035.088, 182
Trd, 002035.100, 181
Trd, 002037.988, 181
Trd, 002039.438, 179
Trd, 002039.513, 180
Trd, 002041.025, 178
Trd, 002042.538, 180
Trd, 002046.513, 178
Trd, 002046.613, 177
Trd, 002047.300, 177
Trd, 002049.175, 176
Trd, 002049.350, 175
Trd, 002049.838, 174
Trd, 002050.663, 174
Trd, 002052.213, 174
Trd, 002052.550, 174
Trd, 002053.050, 176
Trd, 002055.250, 173
Trd, 002056.763, 173
Trd, 002057.363, 172
Trd, 002060.213, 172
Trd, 002061.000, 172
Trd, 002063.825, 173
Trd, 002064.088, 174
Trd, 002064.138, 171
Trd, 002064.163, 171
Trd, 002066.313, 172
Trd, 002066.738, 173
Trd, 002067.988, 171
Trd, 002072.863, 173
Trd, 002073.600, 173
Trd, 002076.625, 172
Trd, 002076.900, 174
Trd, 002078.588, 174
Trd, 002078.975, 174
Trd, 002082.925, 176
Trd, 002083.263, 177
Trd, 002084.238, 178
Trd, 002084.763, 178
Trd, 002088.400, 179
Trd, 002090.538, 181
Trd, 002090.563, 182
Trd, 002092.250, 182
Trd, 002093.500, 181
Trd, 002093.650, 185
Trd, 002094.638, 185
Trd, 002096.825, 186
Trd, 002097.463, 187
Trd, 002098.725, 188
Trd, 002098.963, 188
Trd, 002100.225, 186
Trd, 002100.963, 185
Trd, 002101.088, 186
Trd, 002103.250, 185
Trd, 002104.038, 187
Trd, 002106.538, 187
Trd, 002107.475, 188
Trd, 002107.525, 186
Trd, 002109.500, 187
Trd, 002109.813, 185
Trd, 002110.200, 188
Trd, 002111.063, 189
Trd, 002114.238, 186
Trd, 002114.638, 189
Trd, 002114.800, 190
Trd, 002117.288, 192
Trd, 002118.625, 192
Trd, 002118.950, 190
Trd, 002121.950, 193
Trd, 002123.950, 196
Trd, 002124.463, 196
Trd, 002125.638, 197
Trd, 002126.163, 197
Trd, 002127.050, 196
Trd, 002127.325, 197
Trd, 002128.100, 198
Trd, 002129.538, 200
Trd, 002132.613, 197
Trd, 002133.100, 195
Trd, 002134.338, 197
Trd, 002134.413, 202
Trd, 002134.663, 194
Trd, 002135.613, 195
Trd, 002137.600, 194
Trd, 002140.138, 197
Trd, 002140.200, 197
Trd, 002140.800, 194
Trd, 002141.200, 196
Trd, 002141.438, 195
Trd, 002142.600, 196
Trd, 002142.625, 200
Trd, 002143.200, 200
Trd, 002144.325, 201
Trd, 002144.850, 193
Trd, 002150.063, 194
Trd, 002150.088, 193
Trd, 002150.788, 195
Trd, 002151.338, 198
Trd, 002158.188, 196
Trd, 002161.625, 196
Trd, 002162.075, 195
Trd, 002165.638, 194
Trd, 002166.400, 192
Trd, 002166.788, 195
Trd, 002167.888, 193
Trd, 002173.363, 198
Trd, 002175.400, 199
Trd, 002176.950, 199
Trd, 002179.813, 198
Trd, 002180.663, 196
Trd, 002181.263, 198
Trd, 002182.400, 197
Trd, 002184.313, 196
Trd, 002186.225, 197
Trd, 002186.538, 194
Trd, 002187.050, 198
Trd, 002189.638, 194
Trd, 002189.750, 195
Trd, 002191.988, 197
Trd, 002192.713, 197
Trd, 002192.825, 198
Trd, 002192.938, 200
Trd, 002195.225, 198
Trd, 002195.775, 196
Trd, 002196.425, 195
Trd, 002196.775, 194
Trd, 002202.163, 196
Trd, 002203.725, 195
Trd, 002207.250, 195
Trd, 002208.238, 194
Trd, 002208.775, 194
Trd, 002209.100, 194
Trd, 002209.175, 194
Trd, 002211.688, 197
Trd, 002213.300, 193
Trd, 002214.088, 193
Trd, 002215.663, 193
Trd, 002216.450, 197
Trd, 002216.613, 192
Trd, 002217.800, 198
Trd, 002219.100, 192
Trd, 002219.175, 191
Trd, 002220.875, 189
Trd, 002221.625, 192
Trd, 002222.488, 188
Trd, 002222.825, 191
Trd, 002226.075, 192
Trd, 002228.175, 190
Trd, 002228.625, 187
Trd, 002228.700, 188
Trd, 002230.700, 190
Trd, 002231.838, 196
Trd, 002232.825, 196
Trd, 002234.500, 198
Trd, 002236.938, 198
Trd, 002237.300, 199
Trd, 002237.963, 196
Trd, 002239.438, 198
Trd, 002241.125, 198
Trd, 002242.363, 197
Trd, 002242.775, 200
Trd, 002244.488, 200
Trd, 002245.775, 200
Trd, 002248.525, 199
Trd, 002248.838, 195
Trd, 002251.013, 194
Trd, 002252.500, 193
Trd, 002252.788, 192
Trd, 002253.738, 191
Trd, 002255.175, 194
Trd, 002257.025, 193
Trd, 002257.450, 194
Trd, 002257.563, 189
Trd, 002257.763, 193
Trd, 002258.675, 191
Trd, 002259.838, 189
Trd, 002261.425, 190
Trd, 002265.488, 190
Trd, 002266.438, 192
Trd, 002267.125, 192
Trd, 002268.438, 193
Trd, 002268.613, 193
Trd, 002269.000, 194
Trd, 002269.113, 192
Trd, 002270.988, 193
Trd, 002271.575, 196
Trd, 002271.613, 197
Trd, 002275.050, 200
Trd, 002279.063, 201
Trd, 002279.150, 202
Trd, 002279.338, 200
Trd, 002282.975, 200
Trd, 002284.688, 199
Trd, 002284.713, 201
Trd, 002286.663, 199
Trd, 002287.875, 198
Trd, 002288.213, 198
Trd, 002288.300, 199
Trd, 002288.488, 197
Trd, 002289.663, 197
Trd, 002293.925, 195
Trd, 002294.488, 195
Trd, 002294.538, 195
Trd, 002295.238, 196
Trd, 002296.263, 195
Trd, 002299.938, 198
Trd, 002302.838, 197
Trd, 002303.000, 196
Trd, 002303.650, 195
Trd, 002304.150, 196
Trd, 002307.050, 197
Trd, 002309.013, 195
Trd, 002309.338, 194
Trd, 002310.275, 196
Trd, 002310.925, 197
Trd, 002313.488, 197
Trd, 002314.200, 197
Trd, 002315.538, 198
Trd, 002319.113, 199
Trd, 002321.600, 200
Trd, 002324.500, 201
Trd, 002325.063, 201
Trd, 002325.263, 199
Trd, 002326.088, 201
Trd, 002326.375, 203
Trd, 002328.088, 200
Trd, 002328.288, 201
Trd, 002328.713, 201
Trd, 002331.325, 202
Trd, 002331.800, 201
Trd, 002334.613, 200
Trd, 002335.363, 202
Trd, 002335.925, 202
Trd, 002336.425, 200
Trd, 002338.725, 200
Trd, 002339.563, 199
Trd, 002343.238, 199
Trd, 002344.813, 198
Trd, 002345.100, 197
Trd, 002345.300, 202
Trd, 002347.988, 201
Trd, 002348.675, 202
Trd, 002349.650, 203
Trd, 002350.325, 202
Trd, 002350.588, 200
Trd, 002352.238, 202
Trd, 002353.725, 200
Trd, 002353.900, 201
Trd, 002355.663, 202
Trd, 002357.125, 203
Trd, 002358.325, 204
Trd, 002359.438, 205
Trd, 002360.513, 206
Trd, 002361.088, 207
Trd, 002362.900, 208
Trd, 002363.400, 208
Trd, 002364.750, 209
Trd, 002365.425, 211
Trd, 002365.675, 211
Trd, 002367.488, 212
Trd, 002368.275, 216
Trd, 002368.363, 218
Trd, 002370.013, 218
Trd, 002372.213, 219
Trd, 002373.875, 220
Trd, 002376.200, 221
Trd, 002377.325, 222
Trd, 002378.638, 222
Trd, 002381.463, 222
Trd, 002381.500, 223
Trd, 002382.850, 221
Trd, 002384.988, 222
Trd, 002386.413, 224
Trd, 002387.000, 225
Trd, 002388.025, 220
Trd, 002388.100, 225
Trd, 002388.188, 227
Trd, 002388.838, 228
Trd, 002392.225, 228
Trd, 002392.963, 229
Trd, 002393.238, 229
Trd, 002395.688, 233
Trd, 002396.950, 229
Trd, 002398.900, 233
Trd, 002399.225, 233
